company,year,netprofitmargin,grossprofit,revenue,netincome,costandexpenses,costofgoodsandservices,netproft,ebit,interest,ebt,proftaftertax,grossprofitmargin,YoY Revenue Change %,date,Sector
NFLX,2023,99.57556225,55362484.57,56781000,56540000,2592520.069,1418515.431,44779879.54,52769964.5,87753.2726,52682211.23,7902331.684,97.50177801,57745.60857,10/25/2023,Entertainment
TSLA,2023,256.444648,30274788.2,30568000,78390000,302002.1529,293211.8005,25432710.1,29972786.05,51950.6331,29920835.41,4488125.312,99.0407884,107349.9967,5/17/2023,Automotive Technology
NVDA,2023,173.559697,23141187.9,23502000,40790000,1003980.207,360812.1002,18808626.27,22137207.69,9412.0812,22127795.61,3319169.342,98.46476002,139655.4038,9/1/2023,Technology
AMZN,2023,239.5519578,31452614.66,31872000,76350000,801983.0504,419385.3433,26047069.76,30650631.61,7020.1197,30643611.49,4596541.723,98.68415743,102953.8247,7/14/2023,Consumer Discretionary
NVDA,2023,54.30016863,29582424.61,29650000,16100000,650657.307,67575.3897,24527298.29,28931767.3,76122.2536,28855645.05,4328346.758,99.77208975,110676.7791,1/8/2023,Technology
NVDA,2023,96.07883392,28451839.77,29226000,28080000,470063.4394,774160.2329,23757904.93,27981776.33,31299.9401,27950476.39,4192571.458,97.35112491,112283.8876,9/28/2023,Technology
GOOG,2023,194.2520127,31402293.4,32046000,62250000,287636.6539,643706.603,26422609.26,31114656.74,29234.0843,31085422.66,4662813.399,97.99130437,102394.2739,4/27/2023,Technology
NFLX,2023,167.4705814,42127158.48,42915000,71870000,1669626.289,787841.5169,34371826.75,40457532.19,20088.9642,40437443.23,6065616.484,98.16418148,76435.74508,6/23/2023,Entertainment
TSLA,2023,222.1471408,11496053.89,11839000,26300000,338688.3097,342946.1089,9468998.643,11157365.58,17367.1784,11139998.4,1670999.761,97.10325104,277333.1869,11/23/2023,Automotive Technology
BABA,2023,95.37050412,54513997.09,55384000,52820000,1191529.653,870002.9095,45224723.89,53322467.44,116909.9183,53205557.52,7980833.628,98.42914396,59204.69991,8/30/2023,Consumer Discretionary
ORCL,2023,172.9261143,39544628.78,39913000,69020000,758326.8001,368371.2248,32890812.71,38786301.98,91228.203,38695073.77,5804261.066,99.07706455,82192.27319,2/13/2023,Technology
GOOG,2023,133.316762,24019547.46,24138000,32180000,172944.0333,118452.5395,20268397.45,23846603.43,1429.9546,23845173.47,3576776.021,99.50926945,135973.0591,5/12/2023,Technology
TSLA,2023,187.5326659,49137497.06,49746000,93290000,1419461.698,608502.9384,40543244.68,47718035.36,20100.4495,47697934.91,7154690.237,98.77678017,65926.04229,5/11/2023,Automotive Technology
NVDA,2023,100.8995919,45638366.25,46799000,47220000,288663.3142,1160633.75,38500863.27,45349702.94,54569.6716,45295133.26,6794269.99,97.51996036,70083.79666,10/30/2023,Technology
GOOG,2023,211.9359585,57080272.82,57088000,120990000,2682068.713,7727.1815,46161517.03,54398204.11,90537.0125,54307667.09,8146150.064,99.98646444,57434.5344,4/2/2023,Technology
MSFT,2023,122.9572261,56119263.97,56296000,69220000,2545060.885,176736.0265,45417702.01,53574203.09,141612.493,53432590.6,8014888.589,99.68605935,58243.95872,10/25/2023,Technology
TSLA,2023,295.0697309,49388424.48,50910000,150220000,483062.895,1521575.524,41482091.6,48905361.58,102900.8738,48802460.71,7320369.106,97.0112443,64416.43096,12/25/2023,Automotive Technology
AMZN,2023,145.8946772,35317031.39,35320000,51530000,1584932.663,2968.6105,28631704.06,33732098.73,47741.0042,33684357.72,5052653.658,99.9915951,92893.53058,3/13/2023,Consumer Discretionary
ORCL,2023,161.6307593,51040129.97,52589000,85000000,496791.0124,1548870.029,42926380.96,50543338.96,41714.3034,50501624.66,7575243.698,97.05476425,62356.62591,9/7/2023,Technology
NFLX,2023,267.4090255,56194407.54,56307000,150570000,2152518.553,112592.4613,45886972.32,54041888.99,57215.6646,53984673.32,8097700.998,99.80003825,58232.56078,2/28/2023,Entertainment
AMZN,2023,243.8641712,17778649.83,17846000,43520000,531603.4,67350.1654,14640709.82,17247046.43,22681.936,17224364.5,2583654.675,99.62260358,183948.6103,2/14/2023,Consumer Discretionary
NFLX,2023,248.1006688,57933101.18,59363000,147280000,1646808.811,1429898.821,47788582.04,56286292.37,64431.1402,56221861.23,8433279.184,97.59126254,55229.60767,5/15/2023,Entertainment
MSFT,2023,81.56376475,56936119.41,58065000,47360000,1186503.448,1128880.585,47261966.09,55749615.97,147302.9204,55602313.05,8340346.957,98.05583297,56466.46,2/5/2023,Technology
MSFT,2023,292.489745,52865485.42,52901000,154730000,1793898.613,35514.5846,43330700.76,51071586.8,94291.7883,50977295.01,7646594.252,99.93286595,61988.26865,10/24/2023,Technology
GOOG,2023,116.2470824,46554174.77,47984000,55780000,347596.4597,1429825.231,39184344.71,46206578.31,107349.2355,46099229.07,6914884.361,97.02020417,68350.55644,4/11/2023,Technology
ORCL,2023,262.9292359,39840444.13,40741000,107120000,1827200.953,900555.867,32283468.48,38013243.18,32692.0278,37980551.15,5697082.673,97.78955876,80519.8056,3/5/2023,Technology
BABA,2023,206.7051742,56916696.2,57478000,118810000,1145872.335,561303.8032,47405181.65,55770823.86,21.9184,55770801.94,8365620.292,99.02344583,57044.15081,11/24/2023,Consumer Discretionary
AMZN,2023,164.8995884,39406958.31,40085000,66100000,1524528.765,678041.6932,32135464.1,37882429.54,76001.1932,37806428.35,5670964.252,98.30849023,81839.16677,4/4/2023,Consumer Discretionary
AAPL,2023,219.4000037,53046883.14,54567000,119720000,1119710.69,1520116.857,44137506.07,51927172.45,694.7247,51926477.73,7788971.659,97.21421948,60092.63474,9/10/2023,Technology
TSLA,2023,99.80191098,51430798.63,51492000,51390000,391311.297,61201.3709,43379679.58,51039487.33,4570.1755,51034917.16,7655237.574,99.88114392,63687.21937,12/11/2023,Automotive Technology
NFLX,2023,145.3156635,10694633.2,10866000,15790000,410858.882,171366.7995,8737707.737,10283774.32,4118.1568,10279656.16,1541948.424,98.42290816,302176.0445,5/7/2023,Entertainment
AAPL,2023,275.7351494,49579444.44,50806000,140090000,1086009.003,1226555.557,41213209.05,48493435.44,7307.1473,48486128.29,7272919.244,97.5858057,64548.49624,3/28/2023,Technology
GOOG,2023,85.18090374,56333216.68,57959000,49370000,2409960.578,1625783.318,45783966.21,53923256.1,59766.4418,53863489.66,8079523.45,97.19494243,56569.91321,10/4/2023,Technology
AMZN,2023,251.1512027,57156556.23,58200000,146170000,1504429.016,1043443.775,47198497.46,55652127.21,124483.1341,55527644.08,8329146.611,98.20714128,56335.24914,11/24/2023,Consumer Discretionary
TSLA,2023,285.0715665,49594891.74,50233000,143200000,1574942.61,638108.2602,40728122.38,48019949.13,104511.0308,47915438.1,7187315.715,98.72970306,65285.93156,6/11/2023,Automotive Technology
GOOG,2023,125.5452959,54492119.37,55016000,69070000,1142408.743,523880.6343,45320769.46,53349710.62,31158.321,53318552.3,7997782.845,99.04776677,59601.38687,10/29/2023,Technology
TSLA,2023,108.7204707,11103449.15,11387000,12380000,237343.1037,283550.8518,9233050.516,10866106.04,3693.6728,10862412.37,1629361.856,97.50987221,288345.7276,6/13/2023,Automotive Technology
BABA,2023,231.6373579,36395616.95,37304000,86410000,245487.7266,908383.0489,30719176.95,36150129.22,9921.0443,36140208.18,5421031.227,97.56491784,87947.70266,7/8/2023,Consumer Discretionary
GOOG,2023,103.0671181,9847080.09,10042000,10350000,250063.7261,194919.9105,8154207.999,9597016.363,3830.4819,9593185.882,1438977.882,98.05895329,326979.4165,8/17/2023,Technology
MSFT,2023,236.4225726,33529908.7,33935000,80230000,964845.873,405091.3006,27669926.75,32565062.83,12207.8222,32552855,4882928.251,98.80627287,96688.90526,9/30/2023,Technology
NVDA,2023,178.3180934,46884829.29,47791000,85220000,2157398.036,906170.7128,37933781.16,44727431.25,99453.4171,44627977.83,6694196.675,98.10388836,68626.98835,9/21/2023,Technology
GOOG,2023,286.3562716,32268996.13,32711000,93670000,107231.1961,442003.8716,27333959.72,32161764.93,4165.2655,32157599.67,4823639.95,98.64876075,100310.6111,7/17/2023,Technology
AAPL,2023,156.5667332,50955631.75,51601000,80790000,1562952.889,645368.2484,41899409.96,49392678.86,99255.3772,49293423.49,7394013.523,98.74931058,63552.47767,6/1/2023,Technology
GOOG,2023,160.8799964,43515366,44182000,71080000,1732364.434,666633.9955,35442689.36,41783001.57,85719.9707,41697281.6,6254592.24,98.49116383,74240.94201,2/11/2023,Technology
TSLA,2023,157.5369608,32029684.35,32805000,51680000,1260116.512,775315.6484,26107840.34,30769567.84,54461.5558,30715106.28,4607265.943,97.63659305,100022.8929,7/15/2023,Automotive Technology
AMZN,2023,293.6446275,50112016.49,51484000,151180000,913251.3191,1371983.506,41765803.42,49198765.17,62525.8536,49136239.32,7370435.898,97.33512644,63697.13115,2/14/2023,Consumer Discretionary
MSFT,2023,235.1874929,8754844.988,8827000,20760000,434918.3213,72155.0121,7056879.191,8319926.667,17715.8532,8302210.813,1245331.622,99.18256472,372000.5438,12/15/2023,Technology
NFLX,2023,142.5323172,23616360.32,23749000,33850000,619077.088,132639.6819,19536897.55,22997283.23,12697.8728,22984585.36,3447687.804,99.44149361,138201.8864,8/19/2023,Entertainment
NFLX,2023,153.5335643,38125554.85,38389000,58940000,1696860.974,263445.1499,30951826.31,36428693.88,14780.5748,36413913.3,5462086.995,99.31374834,85459.18362,11/9/2023,Entertainment
ORCL,2023,127.1004385,33633741.22,33981000,43190000,764090.11,347258.7798,27883068.63,32869651.11,66040.9531,32803610.16,4920541.524,98.97807957,96557.88235,7/20/2023,Technology
AMZN,2023,63.69092907,58673638.23,59145000,37670000,2030134.876,471361.7698,48145330.53,56643503.35,1938.021,56641565.33,8496234.8,99.20304038,55433.54468,3/7/2023,Consumer Discretionary
AAPL,2023,280.2188692,5920652.996,6031000,16900000,77804.2563,110347.0043,4958670.242,5842848.739,9119.0431,5833729.696,875059.4544,98.17033652,544508.1081,8/15/2023,Technology
META,2023,227.3859375,35731851.82,36537000,83080000,475904.8483,805148.1759,29950479.6,35255946.98,20088.6181,35235858.36,5285378.754,97.79634843,89796.03689,10/26/2023,Communication Service
NFLX,2023,148.9443492,33532069.73,33818000,50370000,1296558.078,285930.2667,27385433.39,32235511.66,17354.7275,32218156.93,4832723.539,99.15450273,97023.76545,2/19/2023,Entertainment
MSFT,2023,190.9427532,30156447.74,30517000,58270000,677178.2727,360552.257,25020594.11,29479269.47,43276.3955,29435993.07,4415398.961,98.81851998,107529.5671,11/24/2023,Technology
ORCL,2023,270.500683,41893934.9,42462000,114860000,1147803.336,568065.099,34610872.76,40746131.57,27457.733,40718673.83,6107801.075,98.66218007,77252.25613,4/10/2023,Technology
MSFT,2023,160.5756053,8694137.807,8756000,14060000,33123.6077,61862.1926,7355120.592,8661014.2,7931.1501,8653083.05,1297962.457,99.29348798,375017.8049,6/15/2023,Technology
GOOG,2023,188.5776216,30233011.81,30449000,57420000,843960.762,215988.1894,24926368.64,29389051.05,63911.4738,29325139.57,4398770.936,99.29065589,107769.93,7/6/2023,Technology
AAPL,2023,192.916106,53708751.05,54998000,106100000,1231728.176,1289248.951,44494193.72,52477022.87,130912.6178,52346110.26,7851916.538,97.65582576,59620.92622,6/12/2023,Technology
AAPL,2023,274.7591883,10414075.17,10693000,29380000,288314.0894,278924.8337,8603091.717,10125761.08,4476.704,10121284.37,1518192.656,97.39151937,307066.5108,5/20/2023,Technology
AMZN,2023,181.0130411,59097247.72,59504000,107710000,906498.1383,406752.2769,49375040.34,58190749.58,102466.8346,58088282.75,8713242.413,99.31642868,55098.49926,2/19/2023,Consumer Discretionary
NFLX,2023,219.7243466,47444043.98,47596000,104580000,214491.7411,151956.0193,40070715.85,47229552.24,87533.5921,47142018.65,7071302.797,99.68073784,68908.56164,2/25/2023,Entertainment
TSLA,2023,132.1301248,39915368.52,40392000,53370000,1661468.992,476631.4797,32450937.91,38253899.53,76325.5206,38177574.01,5726636.101,98.81998544,81216.38691,3/14/2023,Automotive Technology
NVDA,2023,244.5317948,46646470.88,47319000,115710000,1746013.314,672529.1164,38162560.49,44900457.57,3327.5867,44897129.98,6734569.498,98.57873346,69312.52985,6/15/2023,Technology
BABA,2023,254.2265027,56968892.25,58145000,147820000,471183.7729,1176107.75,47953332.22,56497708.48,82023.5106,56415684.97,8462352.745,97.9772848,56388.63187,10/16/2023,Consumer Discretionary
TSLA,2023,86.83749452,53360306.07,54792000,47580000,1627264.336,1431693.931,43969958.83,51733041.73,3678.3994,51729363.33,7759404.5,97.38703838,59845.45737,3/5/2023,Automotive Technology
BABA,2023,121.9973009,10818627.68,11115000,13560000,416848.8814,296372.3197,8841175.358,10401778.8,396.0245,10401382.77,1560207.416,97.33358237,295404.4085,8/12/2023,Consumer Discretionary
ORCL,2023,259.1672581,8245557.453,8454000,21910000,279888.0036,208442.5466,6764905.999,7965669.45,6956.5093,7958712.941,1193806.941,97.53439145,388418.0388,10/7/2023,Technology
AMZN,2023,217.0304535,14876949.74,15302000,33210000,228688.6115,425050.259,12443785.39,14648261.13,8513.6072,14639747.52,2195962.128,97.22225684,214547.203,6/10/2023,Consumer Discretionary
NFLX,2023,238.3266427,18811555.47,18932000,45120000,478487.3103,120444.5267,15558264.08,18333068.16,29228.0667,18303840.1,2745576.014,99.36380453,173390.9941,9/18/2023,Entertainment
NFLX,2023,146.6654368,53227347.47,54205000,79500000,857104.8491,977652.526,44423548.94,52370242.62,107243.8775,52262998.75,7839449.812,98.19637944,60494.62227,12/7/2023,Entertainment
MSFT,2023,141.8354078,43045359.4,43064000,61080000,1224410.05,18640.5993,35485536.61,41820949.35,73259.2261,41747690.13,6262153.519,99.95671419,76170.93396,4/20/2023,Technology
GOOG,2023,255.5919759,37805675.06,38135000,97470000,419881.3601,329324.9404,31698639.94,37385793.7,93276.1262,37292517.57,5593877.636,99.13642339,86029.05467,11/19/2023,Technology
MSFT,2023,60.57119375,23644965.1,24335000,14740000,854421.4433,690034.8962,19340241.5,22790543.66,37318.3672,22753225.29,3412983.794,97.16443437,134871.502,1/4/2023,Technology
META,2023,295.0101985,20054532.98,20101000,59300000,917954.8418,46467.0227,16226279.33,19136578.14,46837.7438,19089740.39,2863461.059,99.76883228,163301.3979,1/11/2023,Communication Service
ORCL,2023,66.82094301,6902131.467,6914000,4620000,340117.0431,11868.5332,5562967.035,6562014.424,17347.3242,6544667.1,981700.0649,99.82834057,474955.1779,9/9/2023,Technology
META,2023,193.4852033,46904399.81,46970000,90880000,2278763.127,65600.1868,37899794.98,44625636.69,37642.5967,44587994.09,6688199.113,99.86033599,69828.28401,7/11/2023,Communication Service
BABA,2023,79.44610372,54483808.79,55245000,43890000,1449803.418,761191.2054,45065025.92,53034005.38,16327.8275,53017677.55,7952651.632,98.62215367,59353.91438,8/19/2023,Consumer Discretionary
TSLA,2023,202.9641093,16550336.04,16801000,34100000,240413.0322,250663.9627,13845493.31,16309923.01,21107.3462,16288815.66,2443322.349,98.50804141,195396.1907,1/13/2023,Automotive Technology
NVDA,2023,255.8346017,46826933.43,47304000,121020000,1092310.74,477066.5673,38778139.92,45734622.69,113281.6136,45621341.08,6843201.162,98.99148789,69334.54042,4/25/2023,Technology
NVDA,2023,136.1363958,41477793.68,42406000,57730000,1755169.725,928206.3183,33750014.33,39722623.96,16724.7478,39705899.21,5955884.881,97.8111439,77354.40504,2/28/2023,Technology
MSFT,2023,166.1222585,27220772.33,27859000,46280000,1205241.511,638227.6684,22095435.11,26015530.82,20901.2773,25994629.54,3899194.432,97.70907905,117798.3991,5/18/2023,Technology
META,2023,142.6345144,12025382.76,12192000,17390000,436033.4947,166617.2416,9843471.572,11589349.26,8794.4727,11580554.79,1737083.219,98.63338877,269300.5495,5/28/2023,Communication Service
TSLA,2023,74.21120412,18444759.78,18636000,13830000,900311.0107,191240.2231,14886118.28,17544448.77,31368.4396,17513080.33,2626962.049,98.97381293,176146.5926,12/5/2023,Automotive Technology
TSLA,2023,154.5241676,52254704.94,52529000,81170000,1815486.433,274295.0639,42769467.24,50439218.5,122198.2248,50317020.28,7547553.042,99.47782165,62427.9655,9/8/2023,Automotive Technology
NFLX,2023,103.7855866,57029708.9,58168000,60370000,1686858.813,1138291.104,47041303.57,55342850.08,140.0022,55342710.08,8301406.512,98.0430974,56366.2959,5/15/2023,Entertainment
NFLX,2023,119.9353769,46728884.11,47042000,56420000,1030015.872,313115.8908,38830106.2,45698868.24,16390.3522,45682477.88,6852371.683,99.33439078,69721.25547,6/14/2023,Entertainment
NVDA,2023,273.2716798,12851370.29,13192000,36050000,582508.3059,340629.7135,10408560.18,12268861.98,23497.0634,12245364.92,1836804.738,97.41790696,248879.0403,5/10/2023,Technology
BABA,2023,124.9403151,43951936.31,43981000,54950000,283421.4632,29063.6924,37059544.99,43668514.84,69050.1559,43599464.69,6539919.703,99.93391762,74580.69166,10/7/2023,Consumer Discretionary
AAPL,2023,213.8849214,19575949.19,19604000,41930000,82542.8285,28050.8084,16544286.84,19493406.36,29539.4899,19463866.87,2919580.031,99.85691283,167443.9451,3/30/2023,Technology
MSFT,2023,220.2163315,12922510.24,13128000,28910000,479983.8044,205489.758,10549594.29,12442526.44,31239.0407,12411287.4,1861693.11,98.43472153,250092.8321,6/18/2023,Technology
BABA,2023,233.9590605,52495549.02,53005000,124010000,2494164.507,509450.977,42489943.22,50001384.52,13216.0225,49988168.49,7498225.274,99.03886241,61866.44656,2/5/2023,Consumer Discretionary
NVDA,2023,93.27821711,22109869.25,22256000,20760000,730542.4199,146130.7484,18147232.37,21379326.83,29641.6924,21349685.14,3202452.771,99.34340965,147479.5965,11/6/2023,Technology
TSLA,2023,111.6532905,15204112.26,15575000,17390000,99266.4032,370887.7381,12836018.7,15104845.86,3647.3906,15101198.47,2265179.77,97.61869831,210784.8475,6/27/2023,Automotive Technology
NFLX,2023,288.6564956,49070576.88,50011000,144360000,984158.5165,940423.1186,40801832.79,48086418.36,84262.1411,48002156.22,7200323.434,98.11956746,65576.18124,4/10/2023,Entertainment
MSFT,2023,270.1606004,39836134.78,40909000,110520000,553973.4503,1072865.219,33352964.8,39282161.33,43379.2102,39238782.12,5885817.318,97.37743475,80188.7262,9/13/2023,Technology
NVDA,2023,238.9897008,40257004.49,40780000,97460000,1846163.158,522995.5107,32627452.01,38410841.33,25603.6677,38385237.66,5757785.65,98.71751959,80442.70476,8/14/2023,Technology
AAPL,2023,96.56998635,47997654.93,48338000,46680000,728177.061,340345.0714,40142262.55,47269477.87,43286.6345,47226191.23,7083928.685,99.29590576,67849.26352,1/11/2023,Technology
BABA,2023,83.5482016,53573431.87,53909000,45040000,106975.7368,335568.132,45392970.91,53466456.13,62960.9443,53403495.19,8010524.278,99.37752855,60827.33124,2/18/2023,Consumer Discretionary
BABA,2023,252.2243327,19857505.48,20006000,50460000,422685.2053,148494.5195,16500074.89,19434820.28,22967.4597,19411852.82,2911777.922,99.25775008,164077.3218,5/7/2023,Consumer Discretionary
NFLX,2023,71.68566287,33249491.32,33340000,23900000,27784.3559,90508.6789,28194674.1,33221706.97,51502.1409,33170204.82,4975530.724,99.72852826,98416.24175,3/9/2023,Entertainment
MSFT,2023,236.9459963,13155357.52,13425000,31810000,468677.9311,269642.48,10779397.5,12686679.59,5035.4736,12681644.12,1902246.617,97.99148991,244557.8399,4/9/2023,Technology
META,2023,101.3780391,11272537.57,11393000,11550000,43437.5214,120462.4335,9536271.792,11229100.05,9956.7604,11219143.28,1682871.493,98.94266274,288193.8208,5/8/2023,Communication Service
ORCL,2023,177.5644871,9724139.542,10002000,17760000,86383.2892,277860.458,8190367.47,9637756.253,2029.8172,9635726.436,1445358.965,97.22195103,328287.4725,1/29/2023,Technology
AAPL,2023,153.8712572,12026964.64,12257000,18860000,479352.7497,230035.3589,9810793.884,11547611.89,5501.4401,11542110.45,1731316.568,98.12323277,267871.8936,9/29/2023,Technology
MSFT,2023,272.826724,24830192.83,25595000,69830000,913501.1649,764807.168,20280052.81,23916691.67,57806.0133,23858885.65,3578832.848,97.01188838,128227.0756,3/24/2023,Technology
NVDA,2023,220.6850863,25652448.82,25661000,56630000,96984.3849,8551.1844,21717289.09,25555464.43,5712.5657,25549751.87,3832462.78,99.96667634,127897.0188,4/7/2023,Technology
MSFT,2023,231.9720706,33674447.63,34086000,79070000,836693.6443,411552.3707,27892002.89,32837753.99,23632.9409,32814121.04,4922118.157,98.79260585,96260.13319,12/14/2023,Technology
NVDA,2023,255.8383933,33655670.7,34256000,87640000,1505101.854,600329.2974,27294506.53,32150568.85,39384.6965,32111184.15,4816677.623,98.24752073,95781.93309,12/29/2023,Technology
AMZN,2023,118.9317359,23735682.78,24039000,28590000,822934.5509,303317.2191,19447967.9,22912748.23,32785.9951,22879962.23,3431994.335,98.73822863,136533.4498,1/8/2023,Consumer Discretionary
AAPL,2023,225.8302973,37600703.34,37878000,85540000,109218.6233,277296.663,31828039.66,37491484.71,46732.1741,37444752.54,5616712.881,99.26792158,86613.43524,12/17/2023,Technology
TSLA,2023,184.4769404,14964173.29,15113000,27880000,341910.561,148826.7065,12409475.57,14622262.73,22879.7037,14599383.03,2189907.454,99.01524048,217231.5358,5/6/2023,Automotive Technology
NVDA,2023,295.3084525,10306675.31,10423000,30780000,146113.706,116324.6907,8631600.605,10160561.6,5737.3622,10154824.24,1523223.636,98.88396152,315023.429,12/15/2023,Technology
ORCL,2023,99.02994914,20669537.77,21236000,21030000,812356.8113,566462.2293,16876930.82,19857180.96,1968.2349,19855212.72,2978281.909,97.332538,154568.0872,9/24/2023,Technology
AMZN,2023,111.4260554,35888206.99,36338000,40490000,1748782.011,449793.0066,29017992.94,34139424.98,609.754,34138815.23,5120822.284,98.76219658,90288.34003,2/22/2023,Consumer Discretionary
NVDA,2023,248.7195678,14044234.94,14253000,35450000,593954.0833,208765.0606,11425994.13,13450280.86,7934.8253,13442346.03,2016351.905,98.53529039,230344.9239,12/5/2023,Technology
BABA,2023,204.4581995,25473013.52,25526000,52190000,413227.0375,52986.4773,21258059.53,25059786.49,50304.6855,25009481.8,3751422.27,99.79242154,128573.9599,10/22/2023,Consumer Discretionary
ORCL,2023,53.92501394,40889766.31,41261000,22250000,812954.1457,371233.6853,34032933.53,40076812.17,38066.8454,40038745.32,6005811.799,99.10027948,79503.77839,9/12/2023,Technology
BABA,2023,182.413305,5511410.823,5652000,10310000,115529.6925,140589.177,4578364.906,5395881.131,9569.4768,5386311.654,807946.7481,97.51257649,581027.3001,9/27/2023,Consumer Discretionary
NFLX,2023,297.5467775,35966998.29,36075000,107340000,851234.9505,108001.7094,29774421.14,35115763.34,87032.5851,35028730.76,5254309.613,99.70061896,90947.30423,4/17/2023,Entertainment
GOOG,2023,211.2325947,50163676.95,51493000,108770000,57333.4561,1329323.047,42502575.57,50106343.5,103313.4129,50003030.08,7500454.513,97.41843931,63685.98062,9/12/2023,Technology
ORCL,2023,281.0647916,19741641.84,19910000,55960000,670955.7209,168358.1646,16195596.5,19070686.11,17043.1715,19053642.94,2858046.442,99.15440399,164868.9352,12/4/2023,Technology
ORCL,2023,185.1457253,41681960.02,42237000,78200000,1703070.958,555039.9799,33974432.49,39978889.06,8968.4876,39969920.57,5995488.086,98.68589156,77664.31802,12/4/2023,Technology
ORCL,2023,131.59836,57993839.15,58291000,76710000,2447194.855,297160.8511,47176805.35,55546644.29,44520.3531,55502123.94,8325318.591,99.49021144,56247.14621,2/24/2023,Technology
TSLA,2023,138.9488166,31975348.95,31983000,44440000,1310494.754,7651.0514,25997528.73,30664854.19,79526.2751,30585327.92,4587799.188,99.97607776,102596.1667,7/25/2023,Automotive Technology
NFLX,2023,196.43796,15054028.87,15216000,29890000,153318.8779,161971.1254,12639695.94,14900710,30479.4787,14870230.52,2230534.578,98.935521,215760.3772,6/7/2023,Entertainment
AAPL,2022,277.0187352,35964551.33,36669000,101580000,904992.5446,704448.6749,29742319.97,35059558.78,68594.1104,34990964.67,5248644.701,98.07889859,89472.43175,12/15/2022,Technology
AAPL,2022,215.3873065,33399083.2,34301000,73880000,626892.9609,901916.7956,27795025.58,32772190.24,72160.1495,32700030.09,4905004.514,97.37058163,95656.14414,4/11/2022,Technology
GOOG,2022,155.0210674,5546234.148,5696000,8830000,221157.1227,149765.852,4515173.259,5325077.025,13108.4854,5311968.54,796795.281,97.37068378,576538.2549,5/31/2022,Technology
ORCL,2022,111.3653364,22378171.98,22727000,25310000,196012.315,348828.024,18847839.36,22182159.66,8231.0061,22173928.65,3326089.298,98.46513828,144421.1203,3/20/2022,Technology
GOOG,2022,110.9740138,52300925.4,53490000,59360000,869720.8736,1189074.601,43632782.18,51431204.53,98519.6081,51332684.92,7699902.738,97.77701514,61304.58964,4/15/2022,Technology
TSLA,2022,199.0579461,19964258.22,20381000,40570000,831115.5955,416741.7814,16243763.79,19133142.62,22832.28,19110310.34,2866546.552,97.9552437,161056.5429,9/15/2022,Automotive Technology
ORCL,2022,182.7322827,30500363.71,31029000,56700000,1005646.889,528636.2935,25069469.09,29494716.82,1223.7682,29493493.05,4424023.957,98.2963154,105753.6047,3/19/2022,Technology
NFLX,2022,163.449692,24245441.96,24350000,39800000,196111.6718,104558.0396,20418443.32,24049330.29,27632.2652,24021698.02,3603254.704,99.57060353,134788.3573,11/16/2022,Entertainment
TSLA,2022,230.3167421,17204347.86,17680000,40720000,298084.9578,475652.1411,14359517.18,16906262.9,12713.2748,16893549.63,2534032.444,97.30965984,185676.6686,2/24/2022,Automotive Technology
ORCL,2022,258.1625034,57535753.31,58928000,152130000,2061432.019,1392246.691,47027167.22,55474321.29,148242.2026,55326079.09,8298911.863,97.63737664,55638.04473,5/9/2022,Technology
BABA,2022,81.57664099,43078615.17,43358000,35370000,1046734.835,279384.8348,35714458.23,42031880.33,14870.644,42017009.69,6302551.453,99.35563256,75653.7594,2/4/2022,Consumer Discretionary
AAPL,2022,169.4386694,56295833.49,56758000,96170000,2691563.67,462166.512,45499325.32,53604269.82,75651.7969,53528618.02,8029292.703,99.18572446,57769.0493,5/21/2022,Technology
NVDA,2022,297.501386,51243968.3,52309000,155620000,1402263.343,1065031.702,42251517.32,49841704.96,134037.5207,49707667.43,7456150.115,97.96396088,62690.9442,7/29/2022,Technology
MSFT,2022,67.84900426,49129459.42,50465000,34240000,1191791.88,1335540.579,40652374.61,47937667.54,111344.4694,47826323.07,7173948.461,97.353531,64985.33637,10/2/2022,Technology
MSFT,2022,256.0500437,37426639.34,37727000,96600000,1520025.84,300360.6625,30469116.69,35906613.5,60593.8605,35846019.64,5376902.946,99.20385755,86960.50044,5/2/2022,Technology
NFLX,2022,173.461231,32013791.55,32526000,56420000,731732.443,512208.4478,26581099.46,31282059.11,10177.3872,31271881.72,4690782.258,98.42523382,100881.7223,10/27/2022,Entertainment
ORCL,2022,107.2707458,6314923.792,6423000,6890000,31341.791,108076.2081,5340679.207,6283582.001,429.9932,6283152.008,942472.8012,98.31735625,511270.3098,7/14/2022,Technology
NFLX,2022,176.9296254,55671920.38,56384000,99760000,2758059.853,712079.6204,44868461.71,52913860.53,127434.9873,52786425.54,7917963.831,98.73708921,58152.89976,2/19/2022,Entertainment
AAPL,2022,259.3639419,43824431.83,44933000,116540000,59911.5364,1108568.165,37138482.03,43764520.3,72188.5002,43692331.8,6553849.77,97.53284186,72998.42432,8/29/2022,Technology
NVDA,2022,240.7232434,23073996.91,23284000,56050000,397053.0368,210003.0893,19254249.81,22676943.87,24885.2751,22652058.6,3397808.79,99.09807984,140963.8851,12/1/2022,Technology
AAPL,2022,226.3104071,45219147.3,45959000,104010000,1344671.539,739852.6991,37247533.24,43874475.76,53848.4252,43820627.34,6573094.101,98.39018974,71366.55715,9/28/2022,Technology
ORCL,2022,268.5391982,51376865.95,52834000,141880000,1328394.366,1457134.05,42507489.95,50048471.58,39659.8821,50008811.7,7501321.755,97.24205237,62067.0042,12/6/2022,Technology
META,2022,111.0568879,28245635.03,28688000,31860000,259626.2853,442364.9691,23776808.18,27986008.75,13293.2436,27972715.5,4195907.325,98.45801391,114391.4773,5/22/2022,Communication Service
ORCL,2022,156.0709481,39267014.65,40142000,62650000,521507.4387,874985.3533,32885389.34,38745507.21,56813.869,38688693.34,5803304.001,97.82027464,81722.8165,1/7/2022,Technology
META,2022,123.8128796,58545802.88,59598000,73790000,235528.1238,1052197.12,49534939.53,58310274.76,33875.3106,58276399.45,8741459.917,98.23450935,55011.4383,7/23/2022,Communication Service
NFLX,2022,266.2993572,5374767.797,5445000,14500000,192598.3454,70232.2028,4399711.123,5182169.452,6038.7185,5176130.733,776419.61,98.71015238,603119.7429,11/3/2022,Entertainment
AMZN,2022,97.50660018,16658783.81,17045000,16620000,444373.9112,386216.1897,13774155.62,16214409.9,9520.9333,16204888.97,2430733.345,97.73413793,192597.6533,8/19/2022,Consumer Discretionary
AAPL,2022,58.33712325,48052178.59,48374000,28220000,2271520.466,321821.4117,38878759.74,45780658.12,40940.7763,45739717.35,6860957.602,99.33472235,67798.69558,5/27/2022,Technology
META,2022,114.2355356,49411258.94,50676000,57890000,1441820.085,1264741.065,40706224.75,47969438.85,79762.6686,47889676.18,7183451.427,97.50426027,64714.34012,11/14/2022,Communication Service
NVDA,2022,134.669243,45965231.73,46061000,62030000,70753.6204,95768.273,38965697.12,45894478.11,52481.4904,45841996.62,6876299.492,99.79208382,71208.29769,11/5/2022,Technology
BABA,2022,105.3506569,54821207.39,55339000,58300000,135038.5081,517792.6068,46404500.44,54686168.89,92638.9514,54593529.93,8189029.49,99.06432605,59252.9247,7/15/2022,Consumer Discretionary
META,2022,118.967587,8236542.36,8330000,9910000,107247.1093,93457.6402,6909822.621,8129295.251,92.1674,8129203.083,1219380.463,98.87805954,394201.5006,4/18/2022,Communication Service
MSFT,2022,77.47659348,47615474.16,48918000,37900000,1477874.632,1302525.836,39211273.4,46137599.53,6689.6516,46130909.88,6919636.482,97.33732811,67043.61789,8/29/2022,Technology
AMZN,2022,116.3940014,5799158.562,5868000,6830000,188627.082,68841.4379,4757663.799,5610531.48,13279.9515,5597251.529,839587.7293,98.82683303,559636.1111,12/6/2022,Consumer Discretionary
AAPL,2022,291.0042395,29379307.78,30192000,87860000,1342973.452,812692.2181,23817065.86,28036334.33,16256.845,28020077.49,4203011.623,97.30825312,108688.1392,11/5/2022,Technology
GOOG,2022,66.41356355,38075919.22,38456000,25540000,656655.0581,380080.7848,31784097.52,37419264.16,26208.2462,37393055.91,5608958.387,99.01164764,85310.11806,7/21/2022,Technology
TSLA,2022,199.344894,25323610.32,25950000,51730000,100689.1318,626389.6834,21418488.32,25222921.18,24699.6348,25198221.55,3779733.233,97.58616692,126471.5414,11/5/2022,Automotive Technology
NFLX,2022,149.6792587,50364828.57,50508000,75600000,348478.48,143171.4263,42402369.93,50016350.09,131208.996,49885141.1,7482771.165,99.71653713,64929.92595,11/22/2022,Entertainment
GOOG,2022,216.2826637,27823470.49,28472000,61580000,1398383.583,648529.513,22421529.59,26425086.9,46816.7943,26378270.11,3956740.517,97.72222003,115260.0555,9/26/2022,Technology
BABA,2022,152.708418,40675013.89,41851000,63910000,616315.2954,1175986.108,34000296.78,40058698.6,58349.4491,40000349.15,6000052.372,97.1900645,78381.55361,3/6/2022,Consumer Discretionary
BABA,2022,119.6218747,11134434.91,11319000,13540000,404667.9149,184565.0883,9103284.057,10729767,20021.0479,10709745.95,1606461.892,98.36942231,290078.5935,3/30/2022,Consumer Discretionary
TSLA,2022,95.367399,24032764.27,24306000,23180000,565800.4818,273235.73,19945899.5,23466963.79,1199.6651,23465764.12,3519864.619,98.8758507,135032.5393,3/23/2022,Automotive Technology
AMZN,2022,241.8367168,55970249.32,56993000,137830000,162107.024,1022750.683,47431776.41,55808142.29,6052.3985,55802089.89,8370313.484,98.20548018,57530.43707,7/5/2022,Consumer Discretionary
TSLA,2022,51.93734542,22858671.6,23047000,11970000,861359.4453,188328.3999,18659586.99,21997312.15,44856.8744,21952455.28,3292868.292,99.1828507,142414.4921,8/21/2022,Automotive Technology
AMZN,2022,265.394913,8878429.189,8964000,23790000,416790.3315,85570.8109,7181710.841,8461638.858,12567.2799,8449071.578,1267360.737,99.04539479,366313.5988,9/25/2022,Consumer Discretionary
NFLX,2022,55.22717247,11044656.82,11335000,6260000,527816.7523,290343.1812,8922949.49,10516840.07,19252.4313,10497587.64,1574638.145,97.43852509,289668.9899,2/3/2022,Entertainment
TSLA,2022,244.7922728,16768312.16,17186000,42070000,751471.6623,417687.8417,13605087.91,16016840.5,10854.7195,16005985.78,2400897.867,97.56960409,191016.6938,4/17/2022,Automotive Technology
META,2022,254.7438119,44015327.11,45006000,114650000,933648.4786,990672.892,36593156.48,43081678.63,30906.3025,43050772.33,6457615.849,97.79879818,72879.85824,4/14/2022,Communication Service
ORCL,2022,206.7994061,51616717.86,52534000,108640000,993934.978,917282.1446,42990185.06,50622782.88,46094.5679,50576688.31,7586503.246,98.25392671,62422.01431,7/6/2022,Technology
TSLA,2022,137.9769772,37197674.22,37528000,51780000,167512.639,330325.7791,31450440.23,37030161.58,29643.6655,37000517.92,5550077.688,99.11978848,87422.15679,1/5/2022,Automotive Technology
GOOG,2022,59.41571259,30003183.05,30396000,18060000,939697.4585,392816.9535,24648656.3,29063485.59,65066.4131,28998419.17,4349762.876,98.70766893,107958.0175,7/21/2022,Technology
META,2022,266.0520607,9165923.749,9220000,24530000,452665.3125,54076.251,7389800.79,8713258.437,19375.1541,8693883.282,1304082.492,99.41348969,356139.859,10/6/2022,Communication Service
AMZN,2022,175.3363815,37827954.71,38275000,67110000,339908.14,447045.2904,31856386.83,37488046.57,9944.4189,37478102.15,5621715.323,98.83201753,85714.01698,5/30/2022,Consumer Discretionary
AAPL,2022,73.62318841,8491847.473,8625000,6350000,18067.1753,133152.5275,7191827.555,8473780.297,12806.7033,8460973.594,1269146.039,98.45620258,380715.2464,10/10/2022,Technology
NFLX,2022,262.8844115,18651046.83,18860000,49580000,663133.9362,208953.1721,15264571.74,17987912.89,29593.1959,17958319.7,2693747.954,98.89208286,174053.3139,12/28/2022,Entertainment
MSFT,2022,214.0234782,22005349.61,22063000,47220000,889635.3676,57650.3921,17942773.08,21115714.24,6569.4387,21109144.8,3166371.72,99.73870103,148770.5752,5/15/2022,Technology
AMZN,2022,171.5626204,56244884.77,57122000,98000000,251735.5518,877115.2327,47583790.64,55993149.22,12219.0558,55980930.16,8397139.524,98.46448788,57400.28886,9/20/2022,Consumer Discretionary
NVDA,2022,75.63380282,34781209.53,35500000,26850000,503148.6212,718790.4736,29107784.89,34278060.91,33608.0984,34244452.81,5136667.921,97.9752381,92422.01408,10/22/2022,Technology
NVDA,2022,153.7311307,55191506.83,56176000,86360000,2686346.895,984493.1679,44627842.51,52505159.94,1815.804,52503344.13,7875501.62,98.24748439,58368.58979,12/23/2022,Technology
NFLX,2022,298.6420303,17449121.26,17968000,53660000,230397.1742,518878.7416,14597842.72,17218724.08,44791.473,17173932.61,2576089.892,97.11220647,182698.9481,12/4/2022,Entertainment
MSFT,2022,203.7192394,28127756.35,28608000,58280000,190179.1744,480243.6489,23707671.83,27937577.18,46198.5518,27891378.62,4183706.794,98.32129597,114711.6436,7/21/2022,Technology
BABA,2022,181.4950699,8677734.369,8722000,15830000,55385.758,44265.6312,7316390.429,8622348.611,14830.4594,8607518.151,1291127.723,99.49248302,376480.0848,8/16/2022,Consumer Discretionary
NFLX,2022,54.08685557,18861955.51,18951000,10250000,741481.3113,89044.488,15377145.07,18120474.2,29715.2975,18090758.9,2713613.836,99.53013304,173217.0545,12/9/2022,Entertainment
GOOG,2022,214.270069,18001332.5,18262000,39130000,677672.8633,260667.4974,14690509.62,17323659.64,40707.1498,17282952.49,2592442.873,98.57262349,179756.0672,9/22/2022,Technology
GOOG,2022,138.1099044,12333224.21,12338000,17040000,40200.2334,4775.7869,10425274.03,12293023.98,27995.7069,12265028.27,1839754.241,99.96129205,266112.6358,11/25/2022,Technology
AMZN,2022,245.2301697,24040815.59,24634000,60410000,405498.1547,593184.4135,20059832.25,23635317.43,35514.7881,23599802.64,3539970.397,97.59200936,133233.2589,6/29/2022,Consumer Discretionary
META,2022,141.988857,11632063.89,11846000,16820000,445533.8316,213936.1145,9498081.521,11186530.05,12316.5,11174213.55,1676132.033,98.19402233,277169.247,4/16/2022,Communication Service
BABA,2022,231.7632432,48840405.28,49063000,113710000,2413042.064,222594.7173,39380171.36,46427363.22,97749.851,46329613.37,6949442.005,99.54630838,66845.18272,11/28/2022,Consumer Discretionary
BABA,2022,70.01367627,22273336.94,22667000,15870000,224942.5234,393663.0606,18738699.46,22048394.42,2865.6436,22045528.77,3306829.316,98.26327674,144803.6705,7/8/2022,Consumer Discretionary
TSLA,2022,229.3988146,29228761.67,29525000,67730000,1233908.386,296238.3255,23744138.09,27994853.29,60573.181,27934280.11,4190142.016,98.99665258,111145.7748,11/15/2022,Automotive Technology
META,2022,191.8102621,25481263.9,26057000,49980000,1135138.156,575736.0967,20693599.13,24346125.75,715.0004,24345410.75,3651811.612,97.79047436,125951.7903,8/14/2022,Communication Service
BABA,2022,212.4051763,26313262.71,26892000,57120000,168379.1358,578737.2919,22189746.19,26144883.57,39299.8147,26105583.76,3915837.564,97.84792023,122037.8663,11/8/2022,Consumer Discretionary
GOOG,2022,227.3849177,41385910.44,41731000,94890000,549990.8824,345089.56,34680102.63,40835919.56,35798.8182,40800120.74,6120018.111,99.17306185,78607.23203,3/21/2022,Technology
BABA,2022,262.8324973,53601715.55,54023000,141990000,1809599.36,421284.4472,43936136.68,51792116.19,102543.6339,51689572.56,7753435.884,99.22017576,60698.76164,7/2/2022,Consumer Discretionary
MSFT,2022,80.34685586,32168080.27,32982000,26500000,605429.8785,813919.7256,26789986.64,31562650.4,45019.0597,31517631.34,4727644.7,97.53223053,99485.57698,11/1/2022,Technology
META,2022,295.763181,30158872.73,30707000,90820000,1214920.922,548127.2717,24566160.92,28943951.81,42586.0228,28901365.78,4335204.868,98.21497616,106863.6076,5/16/2022,Communication Service
AMZN,2022,179.7170472,55830209.14,57112000,102640000,1263795.902,1281790.858,46370618.71,54566413.24,12744.1632,54553669.08,8183050.362,97.75565405,57410.35684,5/26/2022,Consumer Discretionary
BABA,2022,125.7152474,11744299.36,11884000,14940000,373117.1249,139700.6434,9653211.488,11371182.23,14462.8338,11356719.4,1703507.91,98.82446446,276282.6574,1/28/2022,Consumer Discretionary
ORCL,2022,190.9074972,51244714.18,51339000,98010000,1655312.174,94285.8169,42049411.46,49589402.01,119506.1731,49469895.84,7420484.376,99.8163466,63877.31744,10/17/2022,Technology
ORCL,2022,241.7426247,39930739.13,40812000,98660000,1327993.529,881260.8699,32748597.29,38602745.6,74984.0855,38527761.52,5779164.227,97.84068198,80379.55258,6/17/2022,Technology
TSLA,2022,251.156454,31365843.21,31562000,79270000,570631.2215,196156.7881,26124458.67,30795211.99,60554.7291,30734657.26,4610198.589,99.3785033,103966.0129,8/5/2022,Automotive Technology
NFLX,2022,222.1405911,29377673.47,29945000,66520000,340809.7353,567326.5338,24659572.26,29036863.73,25602.2468,29011261.48,4351689.223,98.10543819,109585.4734,3/17/2022,Entertainment
MSFT,2022,230.2860388,54912647.49,56356000,129780000,1627511.69,1443352.506,45246460.29,53285135.8,54006.0522,53231129.75,7984669.463,97.4388663,58181.84222,2/1/2022,Technology
NVDA,2022,72.50811312,31791003.76,32355000,23460000,464370.4253,563996.2394,26587542.75,31326633.34,47171.2718,31279462.06,4691919.31,98.25684982,101415.4227,2/25/2022,Technology
NVDA,2022,261.8054348,34245399.57,34518000,90370000,1655552.615,272600.4349,27668328.75,32589846.95,38871.9451,32550975.01,4882646.251,99.21026585,95054.16594,10/20/2022,Technology
NFLX,2022,62.76709402,7457743.547,7488000,4700000,333323.4569,30256.4532,6039252.752,7124420.09,19416.852,7105003.238,1065750.486,99.59593412,438539.3563,6/17/2022,Entertainment
META,2022,141.3917771,35590046.03,35681000,50450000,1388110.859,90953.9695,29064977.47,34201935.17,7844.0266,34194091.14,5129113.672,99.74509131,91952.67509,3/23/2022,Communication Service
MSFT,2022,129.6398399,55326449.65,56225000,72890000,1803762.991,898550.3538,45487043.38,53522686.66,8517.9733,53514168.68,8027125.302,98.40186687,58317.6345,8/23/2022,Technology
NFLX,2022,176.8158279,37052619.87,37655000,66580000,1388850.253,602380.1288,30263462.42,35663769.62,59696.179,35604073.44,5340611.016,98.40026523,87126.96853,10/9/2022,Entertainment
AAPL,2022,77.39684727,23175620.37,23218000,17970000,448722.3192,42379.627,19314488.39,22726898.05,3970.5356,22722927.52,3408439.128,99.81747081,141364.8764,12/15/2022,Technology
NFLX,2022,231.3301381,48220353.52,48822000,112940000,520407.7041,601646.4849,40455148.93,47699945.81,105652.9472,47594292.86,7139143.93,98.76767342,67175.64418,4/23/2022,Entertainment
BABA,2022,218.9756028,34988701.4,35045000,76740000,729328.1141,56298.5978,29083710.32,34259373.29,43243.502,34216129.79,5132419.468,99.83935341,93623.25581,4/4/2022,Consumer Discretionary
BABA,2022,293.2404422,17157793.5,17368000,50930000,603223.4573,210206.4985,14059792.45,16554570.04,13637.753,16540932.29,2481139.844,98.78969082,189013.974,9/24/2022,Consumer Discretionary
TSLA,2022,222.5496916,43589427.16,43770000,97410000,1991008.608,180572.8421,35357230.31,41598418.55,1677.0133,41596741.54,6239511.231,99.58745067,74940.70139,8/26/2022,Automotive Technology
NVDA,2022,190.1303004,30953589.24,31389000,59680000,400227.0848,435410.7639,25925774.97,30553362.15,52450.427,30500911.72,4575136.759,98.61285557,104539.5712,4/4/2022,Technology
TSLA,2022,219.1745706,11567885.21,11703000,25650000,564345.4265,135114.7872,9341834.943,11003539.79,13145.7357,10990394.05,1648559.108,98.84546879,280557.2246,8/8/2022,Automotive Technology
MSFT,2022,288.7612797,7227286.225,7314000,21120000,73547.5594,86713.7754,6078225.36,7153738.665,2885.3009,7150853.364,1072628.005,98.81441379,448974.583,3/29/2022,Technology
GOOG,2022,213.9875674,55197184.14,55821000,119450000,401480.3953,623815.8589,46494363.97,54795703.75,96452.0214,54699251.72,8204887.759,98.88247101,58740.42744,12/15/2022,Technology
BABA,2022,203.9043825,12354779.8,12550000,25590000,371413.5875,195220.2007,10165973.06,11983366.21,23397.911,11959968.3,1793995.245,98.44446055,261615.6574,6/8/2022,Consumer Discretionary
NFLX,2022,75.13215611,43367387.08,44455000,33400000,1842034.727,1087612.916,35289297.14,41525352.36,8532.1971,41516820.16,6227523.024,97.55345199,73784.4112,6/24/2022,Entertainment
TSLA,2022,64.78886849,20444887.02,20698000,13410000,217055.7686,253112.9836,17189031.17,20227831.25,5441.6396,20222389.61,3033358.441,98.77711381,158588.3515,4/10/2022,Automotive Technology
GOOG,2022,297.2737398,20143404.91,20651000,61390000,618828.6022,507595.0928,16558828.22,19524576.31,43601.9233,19480974.38,2922146.157,97.54203141,158949.5133,7/5/2022,Technology
TSLA,2022,230.7122692,21441420.63,21607000,49850000,1039235.606,165579.368,17319522.81,20402185.03,26275.8362,20375909.19,3056386.378,99.2336772,151912.3802,4/17/2022,Automotive Technology
AAPL,2022,223.1826728,40141174.16,40953000,91400000,625383.7572,811825.8366,33553770.79,39515790.41,40765.9475,39475024.46,5921253.669,98.01766455,80102.4638,5/23/2022,Technology
BABA,2022,209.6774194,42277627.3,42966000,90090000,1624959.727,688372.7033,34512430.38,40652667.57,49808.3021,40602859.27,6090428.89,98.39786644,76344.89829,12/18/2022,Consumer Discretionary
TSLA,2022,104.7830121,38502697.8,38804000,40660000,943247.4,301302.1986,31920451.22,37559450.4,5978.3783,37553472.02,5633020.804,99.22352799,84544.14751,8/7/2022,Automotive Technology
ORCL,2022,187.3206085,27767747.36,27872000,52210000,536390.2611,104252.645,23128414.13,27231357.09,21458.1176,27209898.98,4081484.846,99.62595922,117743.4092,9/30/2022,Technology
MSFT,2022,279.0983836,17826303.68,17879000,49900000,158562.0497,52696.3154,14983627.07,17667741.63,39945.0829,17627796.55,2644169.483,99.70526139,183608.9043,9/8/2022,Technology
ORCL,2022,243.1381083,35864818.5,36761000,89380000,481128.5781,896181.5027,30005448.12,35383689.92,83162.7225,35300527.2,5295079.08,97.56214058,89248.2631,11/22/2022,Technology
NFLX,2022,152.065963,43293798.17,43297000,65840000,987601.9745,3201.8272,35955479.69,42306196.2,5631.8616,42300564.34,6345084.651,99.99260497,75760.48687,7/27/2022,Entertainment
META,2022,53.8378791,56165979.19,57636000,31030000,2582718.019,1470020.813,45443481.21,53583261.17,120342.1016,53462919.07,8019437.86,97.44947461,56887.49913,6/24/2022,Communication Service
META,2022,183.4130167,25398524.53,25936000,47570000,355787.6415,537475.4692,21274436.95,25042736.89,13987.5338,25028749.36,3754312.403,97.92768558,126539.8635,11/16/2022,Communication Service
META,2022,178.2213969,19211012.84,19386000,34550000,221748.1001,174987.1629,16110949.94,18989264.74,35205.9843,18954058.75,2843108.813,99.09735292,169328.0151,5/15/2022,Communication Service
NVDA,2022,142.671104,53743202.16,55288000,78880000,2043553.457,1544797.842,43941192.66,51699648.7,4127.9229,51695520.78,7754328.117,97.20590753,59307.67436,9/8/2022,Technology
BABA,2022,255.416906,18808333.56,19153000,48920000,430429.4077,344666.4411,15594193.58,18377904.15,31794.0555,18346110.1,2751916.514,98.20045716,171389.1401,9/4/2022,Consumer Discretionary
TSLA,2022,253.2391048,5788899.159,5943000,15050000,279367.5809,154100.8406,4680460.8,5509531.579,3107.1076,5506424.471,825963.6706,97.40701934,552572.3036,11/25/2022,Automotive Technology
META,2022,69.7645779,48086643.35,48721000,33990000,762014.8185,634356.6522,40124187.58,47324628.53,119701.9627,47204926.57,7080738.985,98.69798105,67315.10847,7/27/2022,Communication Service
AMZN,2022,261.9773826,42232156.63,42622000,111660000,1417148.324,389843.3749,34660844.99,40815008.3,37543.6065,40777464.7,6116619.704,99.08534706,76961.88119,6/16/2022,Consumer Discretionary
GOOG,2022,159.3109518,7837399.14,7953000,12670000,41243.9832,115600.8604,6616278.097,7796155.156,12298.572,7783856.584,1167578.488,98.54644964,412892.77,10/11/2022,Technology
GOOG,2022,203.4792603,37873504.97,38284000,77900000,1870511.022,410495.031,30573948.22,36002993.95,33643.1012,35969350.85,5395402.627,98.92776348,85693.84338,10/31/2022,Technology
GOOG,2021,77.02376852,57102562.65,58060000,44720000,563352.7589,957437.3497,48011569.16,56539209.89,55010.876,56484199.02,8472629.852,98.35095186,56471.33138,3/25/2021,Technology
ORCL,2021,243.0928807,10384740.37,10605000,25780000,477929.4165,220259.6273,8418658.79,9906810.956,2506.4969,9904304.459,1485645.669,97.92305868,309615.3701,2/6/2021,Technology
NVDA,2021,233.4553744,28099469.5,28952000,67590000,974480.9541,852530.5024,23040274.79,27124988.54,18782.9088,27106205.63,4065930.845,97.05536577,113347.482,1/11/2021,Technology
META,2021,138.7081565,30864280.18,31815000,44130000,639591.0907,950719.823,25671367.49,30224689.09,23080.2735,30201608.81,4530241.322,97.01172459,103138.4567,12/24/2021,Communication Service
TSLA,2021,110.8215256,26911319.92,27242000,30190000,869795.7875,330680.0753,22093817.79,26041524.14,48797.322,25992726.82,3898909.022,98.78613877,120468.6624,4/9/2021,Automotive Technology
MSFT,2021,171.0549672,16845884.24,16901000,28910000,383626.9085,55115.7589,13988691.66,16462257.33,4973.0254,16457284.31,2468592.646,99.67389055,194239.477,6/9/2021,Technology
TSLA,2021,125.5634256,24147286.75,24848000,31200000,1083439.908,700713.2514,19583516.63,23063846.84,24415.5087,23039431.33,3455914.7,97.1800014,132084.9445,9/5/2021,Automotive Technology
BABA,2021,293.5729576,19577671.17,20087000,58970000,281108.7367,509328.8333,16380721.25,19296562.43,25125.6658,19271436.76,2890715.515,97.46438576,163415.2835,12/14/2021,Consumer Discretionary
AAPL,2021,190.7466303,13055593.74,13206000,25190000,553025.8563,150406.2639,10615288.59,12502567.88,13993.073,12488574.81,1873286.221,98.8610763,248615.0916,6/28/2021,Technology
NFLX,2021,145.1020708,46283932.38,47663000,69160000,27562.7973,1379067.617,39240696,46256369.59,90844.8769,46165524.71,6924828.706,97.10662859,68811.55613,7/1/2021,Entertainment
AMZN,2021,70.31090202,19500833.44,19556000,13750000,315761.3943,55166.5588,16270469.71,19185072.05,43342.9748,19141729.07,2871259.361,99.71790469,167855.18,3/11/2021,Consumer Discretionary
AMZN,2021,89.14027149,34411054.67,35360000,31520000,1203457.187,948945.3268,28210088.27,33207597.49,19258.3441,33188339.14,4978250.871,97.31633109,92788.33428,10/27/2021,Consumer Discretionary
AAPL,2021,120.6946177,20729197.26,20846000,25160000,587449.3589,116802.7388,17088116.29,20141747.9,38081.6757,20103666.23,3015549.934,99.43968752,157461.7145,1/30/2021,Technology
ORCL,2021,186.1325441,27546532.58,28383000,52830000,465666.437,836467.4226,22988761.48,27080866.14,35264.4005,27045601.74,4056840.261,97.05292808,115621.7877,3/12/2021,Technology
GOOG,2021,223.4323004,23104928.41,23139000,51700000,410040.23,34071.5877,19241418.23,22694888.18,57925.5583,22636962.62,3395544.394,99.85275255,141847.8586,4/8/2021,Technology
BABA,2021,159.5266145,55813175.09,56022000,89370000,665815.4065,208824.9107,46793865.52,55147359.68,95753.1881,55051606.49,8257740.974,99.62724481,58529.31527,6/3/2021,Consumer Discretionary
AMZN,2021,53.41541804,21888640.93,22091000,11800000,101334.7902,202359.0734,18513233.93,21787306.14,7030.9277,21780275.21,3267041.281,99.08397504,148581.884,6/19/2021,Consumer Discretionary
ORCL,2021,119.057139,52242867.85,52521000,62530000,2280288.418,278132.1519,42369630.43,49962579.43,115955.3918,49846624.04,7476993.606,99.4704363,62437.48977,3/19/2021,Technology
TSLA,2021,158.4910575,44870850.79,46072000,73020000,438236.3977,1201149.214,37731322.49,44432614.39,42823.2284,44389791.16,6658468.674,97.39288676,71191.27236,11/25/2021,Automotive Technology
NFLX,2021,69.76095895,14307054.62,14349000,10010000,266422.9221,41945.378,11927896.67,14040631.7,7812.0852,14032819.61,2104922.942,99.70767734,228803.164,2/22/2021,Entertainment
NFLX,2021,195.7864821,32162242.21,32372000,63380000,905079.5875,209757.7892,26528742.55,31257162.62,46877.2657,31210285.36,4681542.804,99.35203945,101362.1123,10/2/2021,Entertainment
TSLA,2021,275.8507357,38462169.99,39554000,109110000,1122599.788,1091830.005,31674313.84,37339570.21,75671.5759,37263898.63,5589584.795,97.23964705,82939.17429,3/22/2021,Automotive Technology
META,2021,123.7320478,9868525.106,9957000,12320000,436951.0262,88474.894,7997486.652,9431574.08,22766.2544,9408807.825,1411321.174,99.11143021,329771.5979,8/11/2021,Communication Service
NFLX,2021,246.6342558,15603443.57,16044000,39570000,441767.1323,440556.431,12859793.32,15161676.44,32507.8275,15129168.61,2269375.291,97.2540736,204620.2381,4/1/2021,Entertainment
GOOG,2021,204.8753678,30086804.26,30931000,63370000,45403.7611,844195.7404,25520937.03,30041400.5,16768.7042,30024631.79,4503694.769,97.27071307,106088.9852,7/24/2021,Technology
BABA,2021,142.7434031,26205220.66,26376000,37650000,606314.3432,170779.337,21734740.85,25598906.32,28622.9689,25570283.35,3835542.503,99.35251995,124427.2786,3/20/2021,Consumer Discretionary
NVDA,2021,74.83189241,51050089.21,52050000,38950000,2093299.961,999910.7943,41563933.8,48956789.25,58043.5965,48898745.65,7334811.847,98.0789418,63003.39097,12/12/2021,Technology
MSFT,2021,241.2810577,8597746.334,8774000,21170000,182376.5352,176253.666,7152229.748,8415369.799,981.8603,8414387.939,1262158.191,97.99118229,374248.2448,1/9/2021,Technology
AMZN,2021,108.250533,49280169.01,49718000,53820000,1464326.543,437830.9852,40545928.05,47815842.47,114750.6438,47701091.83,7155163.774,99.11937128,65963.2266,2/21/2021,Consumer Discretionary
AAPL,2021,247.5502837,5746256.572,5817000,14400000,61882.2617,70743.428,4823683.495,5684374.31,9452.551,5674921.759,851238.2639,98.7838503,564543.5448,1/31/2021,Technology
GOOG,2021,272.0388078,28473888.79,28654000,77950000,601733.6243,180111.2149,23688369.43,27872155.16,3485.2441,27868669.92,4180300.488,99.37142732,114527.3295,8/9/2021,Technology
META,2021,168.5563998,41701014.28,42775000,72100000,334418.8295,1073985.722,35127357.9,41366595.45,40292.0356,41326303.41,6198945.512,97.48922099,76686.24196,4/28/2021,Communication Service
META,2021,196.6292135,34695892.36,35600000,70000000,1492896.31,904107.6433,28214222.21,33202996.05,9793.4451,33193202.6,4978980.39,97.46037179,92162.12079,5/18/2021,Communication Service
NVDA,2021,137.5193798,51440278.48,51600000,70960000,994211.5759,159721.5228,42784678.88,50446066.9,111150.5725,50334916.33,7550237.449,99.69046217,63553.71124,11/28/2021,Technology
NFLX,2021,183.1474597,11990015.2,12105000,22170000,316202.5794,114984.804,9905510.03,11673812.62,20271.4045,11653541.21,1748031.182,99.05010488,271236.7617,1/28/2021,Entertainment
META,2021,204.5320237,47876647.28,49073000,100370000,1517571.522,1196352.719,39346089.87,46359075.76,69558.2619,46289517.5,6943427.625,97.56209582,66831.54077,7/16/2021,Communication Service
MSFT,2021,113.947813,10600142.8,10654000,12140000,401304.6573,53857.1996,8654301.27,10198838.14,17307.2376,10181530.91,1527229.636,99.49448846,308190.9236,5/21/2021,Technology
MSFT,2021,213.8767837,45696809.49,46812000,100120000,2122226.599,1115190.507,36942937.76,43574582.89,112303.1789,43462279.72,6519341.957,97.61772514,70064.30616,2/18/2021,Technology
ORCL,2021,279.4834892,24341057.33,25014000,69910000,442699.186,672942.6718,20305414.45,23898358.14,9635.2569,23888722.89,3583308.433,97.30973586,131207.7277,2/26/2021,Technology
ORCL,2021,195.6717377,22783599.98,23335000,45660000,328543.1342,551400.0162,19065566.08,22455056.85,24979.1114,22430077.74,3364511.661,97.63702586,140655.5817,7/21/2021,Technology
NFLX,2021,284.4912132,37558118.46,37727000,107330000,988030.7111,168881.5366,31064836.55,36570087.75,23221.2218,36546866.53,5482029.98,99.55235896,86960.50044,11/2/2021,Entertainment
AMZN,2021,123.9461618,13430044.49,13522000,16760000,561766.8814,91955.5084,10912791.15,12868277.61,29699.7887,12838577.82,1925786.673,99.31995631,242802.788,3/15/2021,Consumer Discretionary
ORCL,2021,88.56244551,37299224.8,37849000,33520000,122096.7617,549775.2006,31517715.63,37177128.04,97462.5872,37079665.45,5561949.818,98.54745119,86679.87529,10/5/2021,Technology
MSFT,2021,60.92018359,43784620.73,44665000,27210000,1942327.507,880379.2743,35503805.29,41842293.22,73110.5241,41769182.69,6265377.404,98.02892808,73437.03123,11/19/2021,Technology
META,2021,202.6505735,56885492.15,58327000,118200000,1427501.811,1441507.852,47090304.65,55457990.34,57631.9251,55400358.41,8310053.762,97.52857536,56212.3682,5/3/2021,Communication Service
NVDA,2021,127.3748218,34259051.21,34371000,43780000,1633400.113,111948.7911,27717189.57,32625651.1,17192.7797,32608458.32,4891268.747,99.67429289,95461.12711,4/21/2021,Technology
NVDA,2021,286.7900598,24986786.55,25231000,72360000,696404.9048,244213.4456,20638143.89,24290381.65,10212.3639,24280169.29,3642025.393,99.03208971,130078.4115,4/21/2021,Technology
ORCL,2021,63.03876261,52849756.95,53015000,33420000,270336.352,165243.054,44604519.37,52579420.59,103515.4541,52475905.14,7871385.771,99.68830887,61854.75809,5/18/2021,Technology
META,2021,282.7480916,6408115.056,6550000,18520000,266596.0344,141884.9442,5209973.101,6141519.021,12138.9029,6129380.119,919407.0178,97.83381765,501355.1908,8/4/2021,Communication Service
META,2021,121.7377467,12518637.47,12568000,15300000,9163.3207,49362.5343,10628712.06,12509474.15,5107.0147,12504367.13,1875655.07,99.60723636,261240.8259,10/31/2021,Communication Service
NVDA,2021,167.2800411,45345795.68,46736000,78180000,958651.0668,1390204.325,37640598.55,44387144.61,104087.4893,44283057.12,6642458.568,97.02541012,70178.40423,1/7/2021,Technology
AMZN,2021,231.8099136,34793420.36,35184000,81560000,1175537.349,390579.6351,28531736.58,33617883.02,51134.0987,33566748.92,5035012.338,98.88989417,93252.98715,4/7/2021,Consumer Discretionary
META,2021,221.1718735,50578445.17,50671000,112070000,1331092.953,92554.8271,41793497.62,49247352.22,78531.4893,49168820.73,7375323.11,99.81734162,64720.73573,7/21/2021,Communication Service
NVDA,2021,65.7841715,49516870.56,49632000,32650000,1470945.037,115129.4416,40768154.84,48045925.52,83390.4124,47962535.11,7194380.266,99.76803385,66077.69786,12/31/2021,Technology
BABA,2021,85.69238542,56338886.47,57403000,49190000,2086981.505,1064113.53,46060825.64,54251904.96,62698.3341,54189206.63,8128380.995,98.14624056,57118.81261,8/8/2021,Consumer Discretionary
ORCL,2021,287.2154529,41465893.68,42348000,121630000,1507977.644,882106.318,33900296.86,39957916.04,75213.8478,39882702.19,5982405.329,97.91700596,77460.48692,11/20/2021,Technology
NVDA,2021,263.1758195,11702584.02,11745000,30910000,342451.5359,42415.9763,9640051.095,11360132.49,18895.9052,11341236.58,1701185.487,99.63885929,279553.5973,10/28/2021,Technology
NVDA,2021,161.2802469,52821352.14,54427000,87780000,2140822.348,1605647.863,43007599.46,50680529.79,83353.9513,50597175.84,7589576.376,97.04990563,60247.46541,8/2/2021,Technology
AMZN,2021,173.5294118,17940220.61,18020000,31270000,106340.256,79779.3924,15125611.51,17833880.35,39043.2852,17794837.07,2669225.56,99.55727307,182171.4484,2/5/2021,Consumer Discretionary
GOOG,2021,210.5812144,57903737.95,58481000,123150000,113760.1757,577262.0488,49032895.63,57789977.78,104218.2115,57685759.56,8652863.935,99.01290667,56064.07893,9/11/2021,Technology
BABA,2021,82.26052342,47080710.18,47228000,38850000,20591.8183,147289.8242,39961262.83,47060118.36,46867.9746,47013250.38,7051987.557,99.6881303,69446.27551,7/23/2021,Consumer Discretionary
TSLA,2021,283.649698,13829875.85,13908000,39450000,273008.766,78124.1504,11495646.86,13556867.08,32576.6584,13524290.43,2028643.564,99.43827905,236061.31,8/2/2021,Automotive Technology
ORCL,2021,206.090455,14362498.69,14416000,29710000,335450.9635,53501.3131,11900662.66,14027047.72,26268.118,14000779.61,2100116.941,99.62887546,227739.3105,4/12/2021,Technology
META,2021,229.5872386,21651210.93,22192000,50950000,586879.3871,540789.0685,17903113.96,21064331.54,1844.528,21062487.02,3159373.053,97.56313506,147905.2046,1/7/2021,Communication Service
AMZN,2021,178.6761302,31922077.4,32405000,57900000,81595.2075,482922.6005,27039237.03,31840482.19,29615.1017,31810867.09,4771630.064,98.50972813,101258.7872,6/1/2021,Consumer Discretionary
NFLX,2021,231.8856823,51998923.33,53535000,124140000,2093406.45,1536076.668,42363313.02,49905516.88,66325.096,49839191.79,7475878.768,97.13070577,61252.97469,10/3/2021,Entertainment
BABA,2021,122.1380168,24228681.47,24939000,30460000,472336.1299,710318.5336,20168403.49,23756345.34,28811.8165,23727533.52,3559130.028,97.1517762,131602.6144,8/4/2021,Consumer Discretionary
MSFT,2021,150.3343385,37662679.64,38135000,57330000,296749.5823,472320.3555,31731940.62,37365930.06,34235.2194,37331694.84,5599754.226,98.7614518,86029.05467,4/11/2021,Technology
ORCL,2021,195.8725966,44475006.46,44677000,87510000,2198226.869,201993.5355,35863404.89,42276779.6,84538.5435,42192241.05,6328836.158,99.54788026,73417.27958,8/26/2021,Technology
NFLX,2021,100.9634468,27459100.54,27713000,27980000,351694.6609,253899.4572,23007645.29,27107405.88,39587.8917,27067817.99,4060172.699,99.08382543,118419.5215,6/20/2021,Entertainment
AAPL,2021,190.2290623,32889029.03,33528000,63780000,581556.0346,638970.9693,27436212.87,32307473,29575.5072,32277897.49,4841684.623,98.09421687,97863.8362,6/22/2021,Technology
NVDA,2021,184.6220678,15905493.61,16114000,29750000,279603.9811,208506.3869,13267802.88,15625889.63,16709.7726,15609179.86,2341376.979,98.70605444,203730.9234,7/24/2021,Technology
ORCL,2021,217.4529588,17806439.44,18335000,39870000,624187.0876,528560.5633,14575382.19,17182252.35,34743.8959,17147508.45,2572126.268,97.11720445,179039.9782,8/31/2021,Technology
BABA,2021,63.11272981,39057167.07,40087000,25300000,1916898.158,1029832.931,31543746.66,37140268.91,29978.7254,37110290.19,5566543.528,97.43100524,81835.0787,9/27/2021,Consumer Discretionary
GOOG,2021,230.7669968,33490551.49,34433000,79460000,1334109.16,942448.5103,27312266.93,32156442.33,24363.5879,32132078.74,4819811.811,97.26294976,95289.05991,7/31/2021,Technology
AAPL,2021,259.3982276,27951692.87,27984000,72590000,954909.185,32307.1302,22898246.2,26996783.68,57670.5099,26939113.17,4040866.976,99.88455142,117271.766,7/1/2021,Technology
META,2021,212.0675927,44613620.58,45212000,95880000,26447.7855,598379.4243,37890033.39,44587172.79,10662.9219,44576509.87,6686476.48,98.67650309,72547.3392,10/5/2021,Communication Service
ORCL,2021,264.0595141,14243096.87,14652000,38690000,478013.706,408903.1345,11688922.39,13765083.16,13409.7569,13751673.4,2062751.01,97.20923332,224069.499,11/21/2021,Technology
GOOG,2021,169.3590765,58170719.89,58993000,99910000,2867192.213,822280.1087,46908695.8,55303527.68,116826.7345,55186700.94,8278005.142,98.60613953,55576.63113,4/24/2021,Technology
NVDA,2021,220.0759029,45761408.23,46902000,103220000,1516811.77,1140591.773,37603252.07,44244596.46,5476.3745,44239120.08,6635868.013,97.5681383,69929.66824,7/15/2021,Technology
BABA,2021,87.45445081,35559097.37,36499000,31920000,1293037.355,939902.6256,29120738.11,34266060.02,6368.1284,34259691.89,5138953.784,97.42485376,89889.62985,5/25/2021,Consumer Discretionary
BABA,2021,136.9431419,40795320.98,40944000,56070000,961529.1259,148679.0186,33848266.14,39833791.86,12302.2811,39821489.57,5973223.436,99.63687227,80120.0933,6/28/2021,Consumer Discretionary
AAPL,2021,75.24182686,15950610.22,16334000,12290000,591759.7911,383389.779,13045504.41,15358850.43,11198.1873,15347652.24,2302147.836,97.65281144,200985.5577,9/16/2021,Technology
AAPL,2021,150.5576208,45543015.77,45730000,68850000,952578.1175,186984.2257,37819064.51,44590437.66,97420.5906,44493017.07,6673952.56,99.59111256,71724.43691,2/25/2021,Technology
AMZN,2021,244.0257254,46080842.64,46491000,113450000,1708422.158,410157.3581,37622442.84,44372420.48,110723.0282,44261697.46,6639254.618,99.11777041,70548.75998,3/29/2021,Consumer Discretionary
META,2021,85.79895356,21424641.58,21597000,18530000,795207.623,172358.4161,17491654.62,20629433.96,51016.7602,20578417.2,3086762.58,99.20193353,151982.7661,3/23/2021,Communication Service
BABA,2021,118.7918979,27627414.42,27746000,32960000,1195045.437,118585.5774,22416481.09,26432368.99,60038.2867,26372330.7,3955849.605,99.57260298,118278.5591,1/23/2021,Consumer Discretionary
BABA,2021,156.8095359,39189197.43,39430000,61830000,24584.5338,240802.5654,33272141.55,39164612.9,20916.9636,39143695.94,5871554.391,99.38929098,83200.31702,1/7/2021,Consumer Discretionary
AMZN,2021,226.9161135,21193963.11,21541000,48880000,814104.8877,347036.889,17317856.76,20379858.22,5909.0899,20373949.13,3056092.37,98.38894718,152378.1347,12/20/2021,Consumer Discretionary
BABA,2021,113.7579183,26026947.78,26363000,29990000,1183135.843,336052.2192,21061196.58,24843811.94,65933.6063,24777878.33,3716681.75,98.7252884,124488.6849,8/29/2021,Consumer Discretionary
GOOG,2021,144.3522655,7785867.663,7835000,11310000,335554.2413,49132.3369,6331750.555,7450313.422,1195.1223,7449118.3,1117367.745,99.3729121,419112.6994,5/17/2021,Technology
ORCL,2021,267.3829184,31081258.2,31367000,83870000,742728.7268,285741.8032,25779651.09,30338529.47,9528.1868,30329001.28,4549350.193,99.08903688,104612.9627,3/12/2021,Technology
AMZN,2021,109.8265896,26263280.28,26815000,29450000,251242.361,551719.7212,22107337.31,26012037.92,3405.7915,26008632.13,3901294.819,97.94249591,122388.5885,3/26/2021,Consumer Discretionary
MSFT,2021,172.0868727,43753397.66,44617000,76780000,563704.923,863602.3399,36685427.13,43189692.74,30366.6967,43159326.04,6473898.906,98.06440966,73516.14407,5/31/2021,Technology
NFLX,2021,74.04005144,10679560.23,10886000,8060000,521827.679,206439.7678,8631440.742,10157732.55,3096.3861,10154636.17,1523195.425,98.10362146,301620.6963,11/2/2021,Entertainment
MSFT,2021,181.6019542,15368433.27,15556000,28250000,605765.7752,187566.7252,12522445.51,14762667.5,30378.6684,14732288.83,2209843.325,98.79424836,211042.4209,6/26/2021,Technology
AMZN,2021,223.0712846,53655049.31,54570000,121730000,398427.5084,914950.694,45192316.56,53256621.8,89190.5518,53167431.25,7975114.687,98.32334489,60089.32564,6/13/2021,Consumer Discretionary
AAPL,2021,238.0722504,37066346.19,37287000,88770000,1380139.177,220653.8075,30290608.11,35686207.02,50197.4762,35636009.54,5345401.431,99.40822859,87987.84563,11/4/2021,Technology
NFLX,2021,222.33224,48403811.56,48477000,107780000,149488.5159,73188.4392,40931609.53,48254323.04,99488.2992,48154834.75,7223225.212,99.8490244,67654.42994,6/15/2021,Entertainment
ORCL,2020,191.4863092,48785432.86,48792000,93430000,511540.1234,6567.1389,40967782.88,48273892.74,76501.1108,48197391.63,7229608.744,99.98654054,67217.00894,6/7/2020,Technology
NVDA,2020,140.549161,28529314.44,28844000,40540000,1244582.098,314685.5585,23165565.42,27284732.34,31125.9668,27253606.38,4088040.957,98.9090086,113772.2611,5/5/2020,Technology
TSLA,2020,97.7733884,33267957.69,33414000,32670000,611144.8546,146042.3093,27739329.71,32656812.84,22307.2962,32634505.54,4895175.831,99.56293078,98198.06369,1/4/2020,Automotive Technology
META,2020,287.7142483,45242888.15,45858000,131940000,2083434.3,615111.8544,36589279.19,43159453.85,113243.0362,43046210.81,6456931.621,98.65865966,71523.95874,12/18/2020,Communication Service
NVDA,2020,193.509434,52514281.49,53000000,102560000,1057748.644,485718.5088,43661417.18,51456532.85,90159.6975,51366373.15,7704955.973,99.08354998,61872.29245,8/5/2020,Technology
TSLA,2020,79.61116232,59061935.79,59665000,47500000,2712192.249,603064.2105,47886112.74,56349743.54,13140.3142,56336603.23,8450490.484,98.98924963,54949.55166,1/28/2020,Automotive Technology
TSLA,2020,235.0116792,37943712.47,38530000,90550000,436086.5235,586287.5285,31867769.28,37507625.95,16132.6729,37491493.28,5623723.991,98.47836094,85146.08098,3/16/2020,Automotive Technology
NVDA,2020,280.9886465,42330238.45,42806000,120280000,204032.4099,475761.5524,35751098.82,42126206.04,66089.7798,42060116.26,6309017.439,98.8885634,76630.63356,3/30/2020,Technology
GOOG,2020,233.6325531,53606956.8,53918000,125970000,1539836.966,311043.1953,44235237.35,52067119.84,25664.1291,52041455.71,7806218.357,99.42311808,60817.16124,3/30/2020,Technology
ORCL,2020,218.0705616,58601740.62,59976000,130790000,193748.7144,1374259.383,49643211.99,58407991.9,4213.0889,58403778.81,8760566.822,97.70865116,54664.09731,11/15/2020,Technology
TSLA,2020,93.80255903,45683521.45,46971000,44060000,43413.4785,1287478.548,38755942.42,45640107.97,44881.5996,45595226.37,6839283.956,97.25899268,69826.79526,4/29/2020,Automotive Technology
NVDA,2020,130.8189075,21828088.45,22298000,29170000,665743.9497,469911.5491,17966276.27,21162344.5,25548.8877,21136795.61,3170519.342,97.89258432,147201.619,5/8/2020,Technology
NFLX,2020,185.6403779,40764611.63,41171000,76430000,1788236.64,406388.3674,33064475.26,38976374.99,76992.3308,38899382.66,5834907.399,99.01292568,79677.79262,10/24/2020,Entertainment
NFLX,2020,140.4321995,14926189.12,15317000,21510000,326699.1834,390810.8842,12396481.44,14599489.93,15394.1259,14584095.81,2187614.371,97.44851548,214336.9981,1/20/2020,Entertainment
NVDA,2020,207.4984821,6575497.116,6588000,13670000,171305.9565,12502.884,5440661.496,6404191.16,3412.9293,6400778.23,960116.7345,99.8102173,498462.7656,9/26/2020,Technology
NFLX,2020,260.3260556,17113377.8,17359000,45190000,747157.2372,245622.1992,13911117.25,16366220.56,200.2722,16366020.29,2454903.044,98.58504407,189112.0226,9/20/2020,Entertainment
NVDA,2020,164.2349751,33220032.49,33927000,55720000,460544.5939,706967.506,27816348.71,32759487.9,34371.7672,32725116.13,4908767.42,97.91620979,96711.72812,11/16/2020,Technology
NVDA,2020,108.701232,38439875.79,38960000,42350000,1327830.127,520124.2087,31527054.75,37112045.66,21393.0175,37090652.65,5563597.897,98.66497893,84205.22331,4/8/2020,Technology
GOOG,2020,223.4881981,28521243.95,29402000,65710000,1311948.254,880756.0522,23092104.2,27209295.69,42114.2801,27167181.41,4075077.212,97.00443489,111611.1591,6/6/2020,Technology
AAPL,2020,64.05148636,22618287.79,22841000,14630000,184294.6258,222712.2086,19034987.09,22433993.17,39890.7058,22394102.46,3359115.369,99.02494546,143699.8117,9/2/2020,Technology
MSFT,2020,136.40553,28613071.4,29295000,39960000,1372683.682,681928.5963,23145192.6,27240387.72,10749.3716,27229638.35,4084445.753,97.67220141,112019.1842,1/8/2020,Technology
META,2020,53.47714899,47943197.54,48488000,25930000,2302304.438,544802.4581,38782403.26,45640893.1,14536.3318,45626356.77,6843953.516,98.87641796,67639.05915,7/19/2020,Communication Service
BABA,2020,218.2054443,29655693.63,30013000,65490000,336644.7733,357306.3722,24871659.17,29319048.85,58273.3562,29260775.5,4389116.325,98.80949464,109336.9607,7/9/2020,Consumer Discretionary
NFLX,2020,286.5699874,12659308.21,12688000,36360000,42899.3896,28691.793,10707017.39,12616408.82,19917.7707,12596491.05,1889473.657,99.7738667,258769.1283,11/16/2020,Entertainment
NFLX,2020,203.9211059,49709109.21,50853000,103700000,1653763.355,1143890.791,40765141.48,48055345.85,96355.8806,47958989.97,7193848.496,97.7505933,64488.74599,10/9/2020,Entertainment
TSLA,2020,104.3174677,42893445.8,42965000,44820000,387851.1914,71554.2012,36068710.06,42505594.61,71818.0608,42433776.55,6365066.482,99.83345932,76346.67753,3/19/2020,Automotive Technology
ORCL,2020,133.384734,7775466.19,7782000,10380000,236777.4124,6533.8098,6403251.84,7538688.778,5451.3185,7533237.459,1129985.619,99.91603945,421967.7846,12/30/2020,Technology
MSFT,2020,296,20029978.84,20250000,59940000,723526.9585,220021.1573,16379480.7,19306451.88,36474.5852,19269977.3,2890496.595,98.91347577,162099.0864,5/28/2020,Technology
GOOG,2020,74.15086888,9937927.704,10128000,7510000,277767.5319,190072.296,8201830.24,9660160.172,10948.1251,9649212.047,1447381.807,98.12329882,324202.0833,10/17/2020,Technology
NFLX,2020,200.0961175,56937368.19,58262000,116580000,2547249.624,1324631.812,46182064.64,54390118.56,58277.8104,54331840.75,8149776.113,97.72642235,56275.19309,6/14/2020,Entertainment
META,2020,103.1914315,36073156.24,36786000,37960000,68932.4044,712843.7585,30563841.21,36004223.84,46763.5942,35957460.24,5393619.036,98.06218736,89187.54146,12/16/2020,Communication Service
ORCL,2020,214.4694116,38144726.72,38495000,82560000,597950.2319,350273.2792,31863109.23,37546776.49,60765.6257,37486010.86,5622901.63,99.0900811,85223.58748,12/22/2020,Technology
TSLA,2020,225.691885,14678251.71,14923000,33680000,92358.2478,244748.2877,12378037.72,14585893.46,23496.1489,14562397.32,2184359.597,98.3599257,219998.6062,11/12/2020,Automotive Technology
AAPL,2020,103.7883396,45563278.61,46036000,47780000,471108.9116,472721.3932,38237965.41,45092169.7,106328.0313,44985841.66,6747876.25,98.97314842,71247.0219,11/2/2020,Technology
META,2020,88.88847417,52910128.67,53584000,47630000,2404501.735,673871.3325,42904480.91,50505626.93,29767.0371,50475859.9,7571378.984,98.74240196,61196.87033,7/12/2020,Communication Service
ORCL,2020,118.0232005,41474699.18,42068000,49650000,1545365.416,593300.8154,33914161.41,39929333.77,30320.3425,39899013.43,5984852.014,98.58966241,77976.72102,9/19/2020,Technology
AMZN,2020,77.71523869,23425695.36,23985000,18640000,949613.8788,559304.6358,19059803.2,22476081.49,52783.5992,22423297.89,3363494.683,97.66810658,136841.0673,2/22/2020,Consumer Discretionary
META,2020,76.46714222,28797569.17,29019000,22190000,198200.7464,221430.8281,24301573.51,28599368.43,9281.9435,28590086.48,4288512.972,99.23694535,113085.5508,6/7/2020,Communication Service
GOOG,2020,98.46999971,33162671.06,34183000,33660000,1029976.526,1020328.941,27308384.06,32132694.53,5183.8719,32127510.66,4819126.599,97.01509832,95986.69514,3/22/2020,Technology
META,2020,93.12977099,32185041.84,32750000,30500000,955245.1382,564958.1573,26503844.74,31229796.7,48802.8879,31180993.82,4677149.073,98.27493692,100191.0382,5/24/2020,Communication Service
MSFT,2020,155.8560114,40075212.25,40531000,63170000,872631.185,455787.7512,33255651.44,39202581.06,78285.2478,39124295.82,5868644.372,98.87545891,80937.5145,2/17/2020,Technology
META,2020,95.05672934,24847038.68,24943000,23710000,1235528.527,95961.3246,20030029.79,23611510.15,46769.2227,23564740.93,3534711.139,99.61527753,131581.4938,8/21/2020,Communication Service
GOOG,2020,269.091436,40847701.67,41406000,111420000,2020524.123,558298.3291,32991266.94,38827177.55,13922.3252,38813255.22,5821988.284,98.65164872,79225.01328,1/7/2020,Technology
BABA,2020,240.7873102,20336925.54,20678000,49790000,885412.7124,341074.4558,16516589.4,19451512.83,20231.1854,19431281.65,2914692.247,98.35054427,158741.8367,9/29/2020,Consumer Discretionary
NFLX,2020,105.5159238,55407364.13,57053000,60200000,400452.1185,1645635.873,46668347.08,55006912.01,102974.2643,54903937.74,8235590.662,97.11560151,57469.82981,8/22/2020,Entertainment
ORCL,2020,54.75903834,54530291.67,54822000,30020000,1555333.77,291708.3262,44941631.75,52974957.9,102449.959,52872507.95,7930876.192,99.46789915,59812.65368,9/13/2020,Technology
TSLA,2020,154.9960661,7424472.701,7626000,11820000,361923.6318,201527.2986,5987102.508,7062549.07,18899.0601,7043650.01,1056547.501,97.35736561,430601.744,11/10/2020,Automotive Technology
NVDA,2020,193.7723226,38786253.13,39758000,77040000,593220.9801,971746.8688,32443181.63,38193032.15,24583.1704,38168448.98,5725267.347,97.55584569,82513.09674,3/27/2020,Technology
BABA,2020,167.516525,26132924.86,26475000,44350000,137891.6083,342075.1377,22049238.24,25995033.25,54752.9707,25940280.28,3891042.043,98.70793149,123961.6242,1/5/2020,Consumer Discretionary
NVDA,2020,60.93003453,20966783.24,21139000,12880000,349649.4542,172216.7627,17512706.41,20617133.78,13949.7669,20603184.02,3090477.602,99.18531263,155277.8088,9/13/2020,Technology
AMZN,2020,127.515878,21888726.95,22358000,28510000,564778.0855,469273.0482,18116877.87,21323948.87,9974.9036,21313973.96,3197096.094,97.90109559,146806.3199,5/12/2020,Consumer Discretionary
AAPL,2020,151.544793,41525359.19,41915000,63520000,1167233.544,389640.8102,34218630.23,40358125.65,100913.6082,40257212.04,6038581.806,99.07040246,78261.72015,3/9/2020,Technology
AMZN,2020,96.49805447,6312518.219,6425000,6200000,281649.1902,112481.7809,5121011.074,6030869.029,6150.1183,6024718.911,903707.8366,98.2493108,511111.1284,5/2/2020,Consumer Discretionary
MSFT,2020,149.4893222,8357921.739,8616000,12880000,396074.81,258078.2614,6759248.925,7961846.929,9789.3694,7952057.559,1192808.634,97.0046627,381113.0339,1/25/2020,Technology
BABA,2020,179.5331783,49458828.12,50726000,91070000,284880.4789,1267171.882,41686886.06,49173947.64,130552.2787,49043395.36,7356509.304,97.50192824,64650.45342,5/24/2020,Consumer Discretionary
TSLA,2020,208.7525954,18395791.11,18783000,39210000,246152.5243,387208.8932,15407538.19,18149638.58,23123.0673,18126515.52,2718977.327,97.93851412,174767.247,11/4/2020,Automotive Technology
BABA,2020,92.15121622,32170902.35,32642000,30080000,767536.1489,471097.6466,26678425.94,31403366.2,16982.7428,31386383.46,4707957.519,98.55677456,100522.8632,11/15/2020,Consumer Discretionary
AAPL,2020,210.4,7379819.421,7500000,15780000,62362.0532,120180.5791,6215494.918,7317457.368,5110.4053,7312346.962,1096852.044,98.39759228,437837.5333,5/29/2020,Technology
NFLX,2020,206.7794517,32103562.09,32392000,66980000,1217564.466,288437.9094,26224293.14,30885997.62,33888.0479,30852109.58,4627816.436,99.10953967,101299.4659,11/28/2020,Entertainment
BABA,2020,166.6001508,22191764.06,22551000,37570000,165496.0331,359235.9443,18719676.44,22026268.02,3119.2689,22023148.75,3303472.313,98.40700659,145549.04,4/29/2020,Consumer Discretionary
META,2020,173.7789203,7570754.781,7780000,13520000,57920.0404,209245.2192,6368788.992,7512834.74,20141.8084,7492692.932,1123903.94,97.31047276,422076.2853,10/17/2020,Communication Service
ORCL,2020,74.19675389,11883520.59,12076000,8960000,82294.5419,192479.4138,10016959.21,11801226.04,16568.1444,11784657.9,1767698.685,98.40609959,271888.3654,6/23/2020,Technology
AAPL,2020,228.4313725,7118809.653,7140000,16310000,145454.0642,21190.3474,5923656.174,6973355.588,4348.3246,6969007.264,1045351.09,99.70321642,459918.4174,8/31/2020,Technology
AAPL,2020,160.2659265,15079754.41,15493000,24830000,225432.3677,413245.5872,12608110.41,14854322.05,21250.9791,14833071.07,2224960.66,97.33269485,211901.0005,8/26/2020,Technology
MSFT,2020,294.475357,57975015.2,58049000,170940000,616366.4702,73984.7957,48738133.33,57358648.73,19668.3428,57338980.39,8600847.059,99.87254768,56482.05137,8/16/2020,Technology
TSLA,2020,192.0145191,5468005.924,5510000,10580000,84857.0819,41994.0758,4569528.13,5383148.842,7233.3956,5375915.447,806387.317,99.23785706,596003.7205,9/5/2020,Automotive Technology
MSFT,2020,247.6820319,44332137.32,45514000,112730000,10511.2422,1181862.678,37653039.46,44321626.08,23932.6026,44297693.48,6644654.022,97.40329859,72065.30079,9/5/2020,Technology
AMZN,2020,108.8765962,19142591.63,19343000,21060000,190622.6968,200408.3711,16080951.47,18951968.93,33202.4999,18918766.43,2837814.965,98.96392302,169704.658,1/31/2020,Consumer Discretionary
AAPL,2020,89.94345851,30476135.59,30597000,27520000,496238.4455,120864.4112,25479058.12,29979897.14,4534.6504,29975362.49,4496304.374,99.60497954,107248.155,5/2/2020,Technology
ORCL,2020,182.0487862,33873095.52,33903000,61720000,1272820.294,29904.4761,27653293.9,32600275.23,66988.2864,32533286.94,4879993.042,99.91179401,96780.26133,12/26/2020,Technology
META,2020,78.0551147,53992396.87,55448000,43280000,212798.6618,1455603.126,45591504.01,53779598.21,142534.6739,53637063.54,8045559.531,97.37483205,59136.24838,1/27/2020,Communication Service
ORCL,2020,218.1955561,34734957.57,35734000,77970000,1635921.318,999042.4309,28090839.29,33099036.25,50990.026,33048046.23,4957206.934,97.20422446,91816.14429,11/2/2020,Technology
TSLA,2020,254.0986668,26503825.46,26777000,68040000,575523.0776,273174.5417,22037088.06,25928302.38,2316.4255,25925985.96,3888897.893,98.97981648,122562.4155,5/2/2020,Automotive Technology
AMZN,2020,136.1633961,7266516.54,7491000,10200000,302789.6974,224483.4603,5903246.47,6963726.842,18730.9956,6944995.847,1041749.377,97.00329115,438363.6898,2/1/2020,Consumer Discretionary
GOOG,2020,67.24938832,56344072.37,56402000,37930000,1986539.627,57927.6263,46099301.73,54357532.75,123060.12,54234472.63,8135170.894,99.89729508,58134.30907,5/6/2020,Technology
NVDA,2020,94.997595,20308639.35,20790000,19750000,704921.0188,481360.6466,16636206.55,19603718.33,31710.6299,19572007.7,2935801.156,97.68465297,157886.1231,1/12/2020,Technology
AMZN,2020,294.6125778,45214020.83,46590000,137260000,1196130.857,1375979.167,37313889.09,44017889.98,119196.9288,43898693.05,6584803.957,97.04662124,70398.63705,9/20/2020,Consumer Discretionary
GOOG,2020,154.8030129,48649020.71,49521000,76660000,2357013.478,871979.2863,39315873.76,46292007.24,38038.1065,46253969.13,6938095.369,98.2391727,66226.0334,3/1/2020,Technology
NVDA,2020,285.3991381,57029321.42,58476000,166890000,190748.4823,1446678.575,48239560.42,56838572.94,86148.9228,56752424.02,8512863.603,97.52603021,56068.88125,5/29/2020,Technology
NVDA,2020,291.9484568,35186917.56,35931000,104900000,1200275.162,744082.4405,28870924.93,33986642.4,20848.3649,33965794.03,5094869.105,97.92913517,91312.19281,8/5/2020,Technology
META,2020,261.781702,54577326.54,55722000,145870000,707279.3429,1144673.464,45726738.57,53870047.19,73884.172,53796163.02,8069424.453,97.94574232,58844.96788,2/18/2020,Communication Service
ORCL,2020,97.04235707,51840390.41,53049000,51480000,1322607.653,1208609.585,42935720.31,50517782.76,5170.6358,50512612.13,7576891.819,97.7217109,61815.05024,10/2/2020,Technology
AMZN,2020,238.5737228,46066707.67,46078000,109930000,1264826.965,11292.3317,38077895.97,44801880.7,4356.0288,44797524.67,6719628.701,99.97549301,71181.98924,7/11/2020,Consumer Discretionary
NFLX,2020,105.3173433,35853131.4,35939000,37850000,1199078.033,85868.5958,29445985.78,34654053.37,11717.1554,34642336.22,5196350.432,99.76107127,91291.84451,1/15/2020,Entertainment
MSFT,2020,283.6685106,19340968.69,19343000,54870000,158013.0864,2031.3051,16305476.29,19182955.61,42.3297,19182913.28,2877436.992,99.9894985,169704.658,8/21/2020,Technology
BABA,2020,259.7805837,33285558.43,33817000,87850000,279397.5366,531441.5738,28053384.49,33006160.89,2179.1409,33003981.75,4950597.262,98.42847806,97026.63749,6/8/2020,Consumer Discretionary
GOOG,2020,153.1069963,45708216.35,47039000,72020000,95644.5087,1330783.652,38721867.6,45612571.84,57433.4907,45555138.35,6833270.752,97.17089298,69725.70845,4/3/2020,Technology
AMZN,2020,52.28505035,42707160.84,43894000,22950000,1620702.491,1186839.16,34913896.67,41086458.35,11285.8013,41075172.55,6161275.882,97.29612439,74728.71235,12/28/2020,Consumer Discretionary
AAPL,2020,144.3019421,27058652.05,27290000,39380000,92892.3272,231347.9495,22869643.36,26965759.72,60296.9456,26905462.78,4035819.417,99.15226109,120256.5958,11/18/2020,Technology
NVDA,2020,225.7065041,39241775.14,40021000,90330000,1656723.025,779224.8554,31915520.44,37585052.12,37381.0105,37547671.11,5632150.666,98.05296006,81970.20064,1/6/2020,Technology
META,2020,279.7801306,53511585.33,54214000,151680000,432175.497,702414.6734,45097138.04,53079409.83,23953.3103,53055456.52,7958318.478,98.70436663,60484.56303,7/27/2020,Communication Service
TSLA,2020,262.580732,14685953.36,14864000,39030000,148674.6231,178046.6445,12345489.04,14537278.73,13173.9804,14524104.75,2178615.713,98.80216197,220872.2484,1/31/2020,Automotive Technology
NFLX,2020,191.0065238,21271547.97,21460000,40990000,55838.4171,188452.028,18003562.32,21215709.55,35047.9991,21180661.56,3177099.233,99.12184516,152953.658,7/8/2020,Entertainment
AAPL,2022,240.3258656,29222101.73,29460000,70800000,912998.3152,237898.275,24043590.16,28309103.41,22526.7464,28286576.66,4242986.5,99.19247021,111391.2254,12/10/2022,Technology
NFLX,2022,69.23149875,31179504.49,31633000,21900000,1216830.116,453495.5059,25408402.89,29962674.38,70435.6879,29892238.69,4483835.804,98.56638477,103732.4376,3/20/2022,Entertainment
META,2022,208.22141,44864240.16,45418000,94570000,901832.0701,553759.8438,37325991.43,43962408.09,49476.9888,43912931.1,6586939.665,98.78074807,72217.83654,1/31/2022,Communication Service
NFLX,2022,190.962358,11003971.91,11264000,21510000,562640.9427,260028.0862,8854956.97,10441330.97,23734.5353,10417596.44,1562639.465,97.69151202,291495.4812,7/14/2022,Entertainment
NFLX,2022,157.6212272,57250793.44,58114000,91600000,1175108.302,863206.5558,47564697.32,56075685.14,117217.7091,55958467.43,8393770.115,98.51463235,56418.76484,11/3/2022,Entertainment
GOOG,2022,290.4336597,27453163.77,27879000,80970000,1147122.44,425836.2273,22357621.69,26306041.33,2956.9915,26303084.34,3945462.651,98.47255559,117713.8204,8/11/2022,Technology
NVDA,2022,61.18458884,8566202.329,8695000,5320000,59484.1973,128797.6709,7215895.548,8506718.132,17429.2516,8489288.88,1273393.332,98.51871569,377649.4537,8/1/2022,Technology
AMZN,2022,252.1885377,46273039.37,46378000,116960000,200611.0151,104960.6261,39114083.27,46072428.36,55859.8104,46016568.55,6902485.282,99.77368445,70720.89568,10/2/2022,Consumer Discretionary
META,2022,78.47717659,15570430.72,15839000,12430000,612664.6049,268569.2836,12711730.64,14957766.11,2788.8854,14954977.23,2243246.584,98.3043798,207269.8781,5/21/2022,Communication Service
NVDA,2022,202.8387915,37263202.13,37833000,76740000,50383.0042,569797.8739,31588247.37,37212819.12,50175.1516,37162643.97,5574396.596,98.49391306,86716.57548,11/30/2022,Technology
AMZN,2022,143.3694892,11171127.57,11432000,16390000,121765.8001,260872.4253,9378267.957,11049361.77,16105.3541,11033256.42,1654988.463,97.71805086,287210.3132,7/20/2022,Consumer Discretionary
AMZN,2022,106.2077081,6612429.723,6798000,7220000,172386.0683,185570.2773,5467897.608,6440043.654,7222.9396,6432820.715,964923.1072,97.27022246,483061.4445,8/17/2022,Consumer Discretionary
BABA,2022,239.1991267,33868210.43,34812000,83270000,540926.9811,943789.5729,28253236.98,33327283.45,88181.1128,33239102.33,4985865.35,97.28889586,94250.55441,5/30/2022,Consumer Discretionary
AMZN,2022,58.06269415,52204324.57,53115000,30840000,1513381.274,910675.4294,43075637.81,50690943.3,13722.3452,50677220.95,7601583.143,98.28546469,61738.11541,7/8/2022,Consumer Discretionary
TSLA,2022,71.74605597,51411271.35,52421000,37610000,910375.8007,1009728.652,42838232.17,50500895.55,102975.3522,50397920.2,7559688.029,98.07380887,62556.78831,9/11/2022,Automotive Technology
BABA,2022,92.10352394,37408900.77,37827000,34840000,1375665.14,418099.2315,30576711.01,36033235.63,60634.4349,35972601.19,5395890.179,98.89470687,86730.34605,7/12/2022,Consumer Discretionary
TSLA,2022,288.109589,36433189.83,36500000,105160000,687297.9159,66810.1733,30335130.97,35745891.91,57502.5291,35688389.38,5353258.407,99.81695843,89887.16438,5/7/2022,Automotive Technology
TSLA,2022,82.64486354,34498080.61,35102000,29010000,970668.3699,603919.394,28435586.57,33527412.24,73780.9805,33453631.26,5018044.688,98.27952996,93471.06433,10/11/2022,Automotive Technology
NVDA,2022,240.5544584,53343614.82,54179000,130330000,330779.7421,835385.1796,45026793.63,53012835.08,40136.691,52972698.39,7945904.758,98.45810152,60523.70106,6/8/2022,Technology
MSFT,2022,283.1781141,13657655.86,13744000,38920000,573130.4877,86344.1447,11099691.65,13084525.37,26064.603,13058460.76,1958769.115,99.37176845,238879.3001,3/6/2022,Technology
GOOG,2022,124.8017132,24522697.3,25216000,31470000,430847.0854,693302.6999,20458318.34,24091850.21,23240.4053,24068609.81,3610291.471,97.2505445,130155.8495,2/24/2022,Technology
NFLX,2022,128.6327808,56655147.56,57979000,74580000,603573.6116,1323852.438,47617315.28,56051573.95,31203.0291,56020370.92,8403055.638,97.71666907,56550.36479,1/18/2022,Entertainment
BABA,2022,222.6239993,46645568.26,47843000,106510000,1790413.306,1197431.735,38031970.49,44855154.96,111660.2607,44743494.7,6711524.205,97.49716419,68552.28978,4/14/2022,Consumer Discretionary
NFLX,2022,245.9606798,40509144.9,40539000,99710000,1233318.846,29855.104,33329781.43,39275826.05,64318.4834,39211507.57,5881726.135,99.92635461,80921.52248,6/29/2022,Entertainment
META,2022,265.1929195,12046768.6,12259000,32510000,396037.336,212231.3985,9881490.123,11650731.27,25448.7677,11625282.5,1743792.375,98.26877071,267828.1752,3/23/2022,Communication Service
NFLX,2022,175.2546056,39158074.64,39571000,69350000,1792982.573,412925.3629,31749497.75,37365092.06,12741.7726,37352350.29,5602852.544,98.956495,82903.50004,8/3/2022,Entertainment
GOOG,2022,232.4820964,42796897.99,43427000,100960000,1539542.178,630102.0079,35022741.45,41257355.81,54130.5736,41203225.24,6180483.786,98.54905472,75533.39627,2/13/2022,Technology
BABA,2022,81.71754918,13796174.46,14183000,11590000,325839.4379,386825.5376,11436080.31,13470335.02,16122.8922,13454212.13,2018131.82,97.27261131,231482.2816,2/6/2022,Consumer Discretionary
NFLX,2022,115.7281439,33767234.14,33812000,39130000,760436.0592,44765.8575,28027654.22,33006798.08,33087.2362,32973710.85,4946056.627,99.86760364,97041.00024,6/8/2022,Entertainment
MSFT,2022,273.5573181,47324870.78,47533000,130030000,1402259.051,208129.2191,38950434.91,45922611.73,98570.6609,45824041.07,6873606.16,99.56213742,69000.02525,4/26/2022,Technology
META,2022,192.8812215,49017968.18,50430000,97270000,1620563.245,1412031.817,40189636.11,47397404.94,115480.0982,47281924.84,7092288.726,97.20001623,65030.50763,4/16/2022,Communication Service
TSLA,2022,188.287975,22958908.52,23002000,43310000,331667.6445,43091.4844,19210399.87,22627240.87,26770.4359,22600470.44,3390070.565,99.81266201,142693.3006,8/20/2022,Automotive Technology
AAPL,2022,190.9334664,15617606.81,16037000,30620000,760860.6871,419393.1892,12599177.06,14856746.12,34184.8772,14822561.25,2223384.187,97.38484012,204709.5966,1/13/2022,Technology
AMZN,2022,223.3534282,38897501.83,39977000,89290000,433772.5468,1079498.173,32693725.8,38463729.28,522.4564,38463206.82,5769481.024,97.2997019,82060.5298,3/11/2022,Consumer Discretionary
AAPL,2022,214.3700787,4997423.011,5080000,10890000,75633.7578,82576.9887,4175046.506,4921789.254,9969.8351,4911819.418,736772.9128,98.37446873,646461.3189,8/1/2022,Technology
MSFT,2022,280.3479636,10015798.1,10116000,28360000,45018.2826,100201.9018,8452856.464,9970779.816,26242.7993,9944537.016,1491680.552,99.00947112,324586.7833,6/30/2022,Technology
NFLX,2022,117.9922643,22351901.03,22493000,26540000,493874.091,141098.9708,18564005.42,21858026.94,18020.5667,21840006.37,3276000.956,99.3726983,145924.6077,11/4/2022,Entertainment
GOOG,2022,68.75349357,55317184.66,55459000,38130000,1187878.104,141815.3394,45963995.01,54129306.56,54018.3064,54075288.25,8111293.238,99.74428796,59124.49918,3/15/2022,Technology
AMZN,2022,247.8095072,34146289.1,34353000,85130000,1698218.114,206710.9035,27562020.03,32448070.98,22165.0657,32425905.92,4863885.888,99.39827409,95511.19844,1/10/2022,Consumer Discretionary
NFLX,2022,297.8772415,56257130.95,56436000,168110000,175333.5614,178869.0542,47653822.71,56081797.38,18476.5482,56063320.84,8409498.125,99.68305859,58099.22567,10/23/2022,Entertainment
NVDA,2022,59.49781659,14258658.49,14656000,8720000,67387.565,397341.5096,12053260.01,14191270.93,10965.0368,14180305.89,2127045.883,97.28888162,224008.3174,2/16/2022,Technology
MSFT,2022,279.685812,43764613.67,44432000,124270000,1122013.878,667386.3275,36238106.37,42642599.8,9533.48,42633066.32,6394959.947,98.49796019,73822.65709,5/28/2022,Technology
GOOG,2022,215.5428571,43570933.69,43750000,94300000,2041206.051,179066.3066,35220442.85,41529727.64,93912.5296,41435815.11,6215372.267,99.59070558,74975.00571,4/17/2022,Technology
ORCL,2022,197.2450515,16898542.88,17278000,34080000,335496.3319,379457.1203,14070810.68,16563046.55,9151.6358,16553894.91,2483084.237,97.8038134,189999.0566,9/18/2022,Technology
META,2022,271.3221863,14104341.54,14234000,38620000,637892.7691,129658.4624,11423942.12,13466448.77,26516.8681,13439931.9,2015989.785,99.08909328,230652.5292,8/24/2022,Communication Service
GOOG,2022,116.3199729,29361406.8,29565000,34390000,1400946.517,203593.1994,23738478.76,27960460.28,32838.2103,27927622.07,4189143.311,99.31137088,110995.2647,11/2/2022,Technology
AAPL,2022,115.3342071,6003367.057,6104000,7040000,193373.5357,100632.9431,4936438.036,5809993.521,2419.3616,5807574.16,871136.1239,98.3513607,537994.9377,2/17/2022,Technology
GOOG,2022,203.4136759,36764354.74,37672000,76630000,1302963.139,907645.2611,30095112.5,35461391.6,55376.8991,35406014.7,5310902.205,97.59066346,87087.60618,8/7/2022,Technology
BABA,2022,124.3558416,40346048.58,41333000,51400000,174407.174,986951.4202,34086604.97,40171641.41,69753.2039,40101888.2,6015283.23,97.61219505,79365.11262,7/6/2022,Consumer Discretionary
GOOG,2022,206.2646579,49025954.57,50314000,103780000,464460.296,1288045.435,41188764.77,48561494.27,104123.9561,48457370.31,7268605.547,97.43998602,65180.66741,5/23/2022,Technology
NVDA,2022,117.1243479,17007031.7,17443000,20430000,9227.8143,435968.2977,14447595.65,16997803.89,632.5384,16997171.35,2549575.702,97.50061172,188200.837,8/2/2022,Technology
GOOG,2022,153.4883721,48504781.77,49450000,75900000,1746895.841,945218.2341,39636247.68,46757885.93,127006.3008,46630879.62,6994631.944,98.08853744,66321.2639,10/31/2022,Technology
ORCL,2022,231.7807491,22190148.3,22586000,52350000,1030181.326,395851.6956,17985332.12,21159966.98,752.7237,21159214.25,3173882.138,98.24735812,145323.3375,12/5/2022,Technology
META,2022,279.2782062,33183154.81,33583000,93790000,530577.7837,399845.1944,27693308.16,32652577.02,72214.4778,32580362.54,4887054.382,98.80938214,97703.39755,4/7/2022,Communication Service
GOOG,2022,270.0385119,52108777.15,52711000,142340000,470631.5214,602222.8463,43874270.23,51638145.63,21357.1249,51616788.51,7742518.276,98.85750062,62212.06959,11/16/2022,Technology
NFLX,2022,171.4044577,25437704.96,26067000,44680000,298003.7147,629295.0407,21333681.5,25139701.24,41252.4153,25098448.83,3764767.324,97.58585552,125903.4335,12/26/2022,Entertainment
TSLA,2022,254.3759202,6028497.395,6113000,15550000,166574.2367,84502.6051,4978165.942,5861923.158,5257.3443,5856665.814,878499.8721,98.61765737,537202.7155,2/1/2022,Automotive Technology
TSLA,2022,172.9271757,20274252.22,20419000,35310000,650927.6494,144747.7835,16652858.95,19623324.57,31725.7974,19591598.77,2938739.816,99.29111228,160756.6286,4/14/2022,Automotive Technology
NVDA,2022,154.2032496,19689220.23,19818000,30560000,982953.5107,128779.7661,15867626.53,18706266.72,38470.8045,18667795.92,2800169.388,99.35018788,165634.7613,10/7/2022,Technology
MSFT,2022,222.2198169,45726383.8,46193000,102650000,905669.1192,466616.2027,38015825.15,44820714.68,96214.504,44724500.17,6708675.026,98.98985517,71004.52882,2/15/2022,Technology
AMZN,2022,178.3186816,40025722.99,40837000,72820000,207642.7904,811277.0125,33836003.65,39818080.2,11017.0837,39807063.11,5971059.467,98.01337754,80330.28381,11/12/2022,Consumer Discretionary
TSLA,2022,144.1237769,28258134.28,28309000,40800000,227266.516,50865.7194,23766714.15,28030867.76,70027.5893,27960840.18,4194126.026,99.82031962,115924.2856,10/25/2022,Automotive Technology
META,2022,77.04519985,20876747.04,21416000,16500000,512411.7046,539252.9582,17286672.05,20364335.34,27074.0984,20337261.24,3050589.186,97.48200897,153268.1126,10/17/2022,Communication Service
GOOG,2022,210.1415094,58324201.45,59360000,124740000,677745.1737,1035798.555,48905384.45,57646456.27,110709.8596,57535746.41,8630361.962,98.25505634,55232.40398,11/17/2022,Technology
TSLA,2022,288.0473142,40683538.05,41087000,118350000,62060.8832,403461.9491,34450127.04,40621477.17,91915.9387,40529561.23,6079434.184,99.01803016,79840.89371,3/25/2022,Automotive Technology
BABA,2022,260.1654433,49959853.98,51498000,133980000,114540.8839,1538146.019,42332779.74,49845313.1,42042.8156,49803270.28,7470490.542,97.01319271,63679.78756,9/8/2022,Consumer Discretionary
TSLA,2022,79.45717376,29869094.22,30507000,24240000,897567.325,637905.7804,24587669.99,28971526.89,44856.3221,28926670.57,4339000.586,97.90898554,107564.8474,3/11/2022,Automotive Technology
MSFT,2022,51.18179312,38773272.23,39897000,20420000,455794.1594,1123727.767,32506683.82,38317478.07,74320.6323,38243157.44,5736473.616,97.18342791,82225.27508,8/26/2022,Technology
NVDA,2022,53.19030059,17631892.4,17898000,9520000,351173.5102,266107.5989,14652468.8,17280718.89,42520.2994,17238198.59,2585729.789,98.51319925,183413.8842,2/10/2022,Technology
GOOG,2022,164.1979277,40149149.17,40439000,66400000,831320.8065,289850.8274,33388667.96,39317828.37,37042.5353,39280785.83,5892117.875,99.28323938,81121.8774,2/12/2022,Technology
TSLA,2022,74.96315703,30307310.52,30535000,22890000,977907.6094,227689.4834,24928379.34,29329402.91,1897.8006,29327505.11,4399125.766,99.25433279,107466.1208,9/27/2022,Automotive Technology
MSFT,2022,159.4226403,24385172.07,24664000,39320000,100992.3306,278827.9308,20613641.69,24284179.74,32836.5718,24251343.17,3637701.475,98.86949428,133071.0793,3/8/2022,Technology
NFLX,2020,123.849249,46091777.52,47469000,58790000,314872.4609,1377222.483,38878746.86,45776905.06,37202.8623,45739702.19,6860955.329,97.09869076,69093.18924,2/20/2020,Entertainment
AMZN,2020,88.51976451,9380586.184,9512000,8420000,206516.6154,131413.8164,7792424.736,9174069.568,6511.0554,9167558.513,1375133.777,98.6184418,345203.9844,7/1/2020,Consumer Discretionary
BABA,2020,246.1209061,37752249.24,37831000,93110000,507370.6675,78750.7586,31613694.62,37244878.57,52296.6661,37192581.91,5578887.286,99.79183538,86721.16518,4/8/2020,Consumer Discretionary
NFLX,2020,146.9694091,20943670.24,21052000,30940000,114106.6749,108329.7613,17695578.89,20829563.56,11235.4559,20818328.11,3122749.216,99.4854182,155919.9268,9/22/2020,Entertainment
NFLX,2020,139.8845123,47331579.36,48490000,67830000,1335669.745,1158420.638,39053987.12,45995909.62,50042.4138,45945867.2,6891880.08,97.61101126,67636.26521,1/14/2020,Entertainment
BABA,2020,112.0290513,10950769.12,11015000,12340000,373711.2493,64230.8806,8968252.934,10577057.87,26172.0652,10550885.8,1582632.871,99.41687807,298087.1539,3/21/2020,Consumer Discretionary
AAPL,2020,177.6818678,18906145.61,19231000,34170000,463598.8786,324854.3866,15642342.86,18442546.73,39790.4334,18402756.3,2760413.445,98.31077746,170693.5885,7/11/2020,Technology
GOOG,2020,211.9911034,51299263.02,51705000,109610000,388777.2524,405736.9796,43202116.76,50910485.77,84466.0503,50826019.72,7623902.958,99.21528483,63424.44638,6/6/2020,Technology
NFLX,2020,270.7656511,44955576.49,45556000,123350000,1215060.8,600423.5072,37160917.66,43740515.69,21789.0372,43718726.66,6557808.998,98.68201004,71998.76855,10/13/2020,Entertainment
GOOG,2020,184.2239601,48250707.25,48973000,90220000,538667.1308,722292.7532,40460174.98,47712040.12,111834.2556,47600205.86,7140030.879,98.52512047,66968.21106,6/5/2020,Technology
ORCL,2020,261.3937686,23543112.94,24136000,63090000,1166991.182,592887.0602,18995032.52,22376121.76,29024.6792,22347097.08,3352064.562,97.54355709,135984.3346,6/8/2020,Technology
TSLA,2020,128.2943335,41195970.58,41966000,53840000,1457738.006,770029.4232,33727274.74,39738232.57,59085.8196,39679146.75,5951872.013,98.16511123,78166.48954,2/18/2020,Automotive Technology
NVDA,2020,116.9621086,35953882.25,36499000,42690000,1237955.981,545117.7519,29475281.66,34715926.27,39124.3127,34676801.95,5201520.293,98.50648579,89889.62985,10/4/2020,Technology
BABA,2020,237.5371277,12320037.66,12457000,29590000,230605.075,136962.3449,10263015.71,12089432.58,15296.451,12074136.13,1811120.419,98.90051903,263569.5432,10/23/2020,Consumer Discretionary
NFLX,2020,266.7695974,58931225.92,59587000,158960000,977564.1877,655774.0833,49139703.7,57953661.73,142245.6081,57811416.12,8671712.418,98.89946786,55021.6121,12/25/2020,Entertainment
AAPL,2020,164.6202518,44451232.61,45201000,74410000,1734169.78,749767.3925,36232492.05,42717062.83,90601.5984,42626461.23,6393969.184,98.34125928,72565.01847,12/19/2020,Technology
META,2020,149.41963,48279056.5,48762000,72860000,1387494.452,482943.4975,39772463.3,46891562.05,100428.7627,46791133.29,7018669.993,99.00959046,67258.42459,6/24/2020,Communication Service
AAPL,2020,259.178499,39312984.14,39440000,102220000,655943.7265,127015.8648,32851539.78,38657040.41,8170.0804,38648870.33,5797330.549,99.67795166,83179.19625,2/9/2020,Technology
AAPL,2020,89.48840856,55168589.23,56119000,50220000,1473626.225,950410.7666,45565499.58,53694963.01,88492.9152,53606470.09,8040970.514,98.30643674,58427.97626,3/7/2020,Technology
NVDA,2020,156.9579016,59270406.86,59551000,93470000,2302075.491,280593.1358,48345193.04,56968331.37,91633.6785,56876697.7,8531504.654,99.52881877,55054.93443,9/16/2020,Technology
TSLA,2020,112.6042632,40126523.17,41002000,46170000,279136.6065,875476.8276,33821238.47,39847386.57,57694.2483,39789692.32,5968453.848,97.86479482,80006.61675,3/5/2020,Automotive Technology
GOOG,2020,91.03401784,37474215.46,38568000,35110000,1625520.182,1093784.542,30435781.54,35848695.28,41893.4593,35806801.82,5371020.273,97.16401021,85062.09033,8/18/2020,Technology
ORCL,2020,294.4268264,33341386.52,34056000,100270000,610460.8247,714613.4813,27797681,32730925.69,27771.5807,32703154.11,4905473.117,97.90165175,96345.01703,4/22/2020,Technology
NVDA,2020,66.91449814,5817650.246,5918000,3960000,14870.7178,100349.7541,4923933.87,5802779.528,9916.1512,5792863.377,868929.5065,98.30432994,554907.0125,6/25/2020,Technology
AMZN,2020,281.1449637,18394004.68,18446000,51860000,852420.4129,51995.3245,14908631.23,17541584.26,2018.1087,17539566.15,2630934.923,99.71812141,177961.9918,7/18/2020,Consumer Discretionary
MSFT,2020,84.25487098,5684317.272,5697000,4800000,172398.8091,12682.7285,4681256.231,5511918.462,4558.1912,5507360.271,826104.0407,99.77737882,576437.037,11/17/2020,Technology
TSLA,2020,57.34887938,46720894.02,47429000,27200000,1569006.11,708105.9776,38299491.11,45151887.91,93663.076,45058224.84,6758733.726,98.50701896,69151.54441,1/8/2020,Automotive Technology
ORCL,2020,177.682111,31959400.56,32288000,57370000,1057115.705,328599.4432,26204625.15,30902284.85,73314.0819,30828970.77,4624345.616,98.98228616,101626.0747,4/16/2020,Technology
GOOG,2020,251.0764263,14556774.23,14864000,37320000,203501.0257,307225.766,12174816.89,14353273.21,29959.2195,14323313.99,2148497.098,97.93308823,220872.2484,10/14/2020,Technology
TSLA,2020,295.7755127,16272336.93,16286000,48170000,474485.1797,13663.0742,13398592.14,15797851.75,34802.1736,15763049.57,2364457.436,99.9161054,201578.2206,5/10/2020,Automotive Technology
GOOG,2020,209.3051617,32193633.92,32799000,68650000,49195.8918,605366.0788,27314749.64,32144438.03,9438.454,32134999.58,4820249.936,98.15431544,100041.2086,7/21/2020,Technology
NFLX,2020,65.55892848,37286190.89,37554000,24620000,1810093.179,267809.1096,30140092.13,35476097.71,17165.7979,35458931.91,5318839.787,99.28686928,87361.56202,6/13/2020,Entertainment
GOOG,2020,221.5231546,13497916.82,13669000,30280000,353281.7103,171083.1801,11143051.47,13144635.11,35162.7898,13109472.32,1966420.848,98.74838554,240190.548,8/26/2020,Technology
ORCL,2020,264.11506,16760684.32,16826000,44440000,640151.4238,65315.6786,13685971.18,16120532.9,19390.3298,16101142.57,2415171.385,99.61181696,195105.7233,1/23/2020,Technology
MSFT,2020,292.1068142,43656539.57,44114000,128860000,1166149.549,457460.4296,36048443.23,42490390.02,80456.8108,42409933.21,6361489.982,98.96300397,74355.53566,12/8/2020,Technology
NFLX,2020,115.0432004,42220249.46,42245000,48600000,863.097,24750.5425,35831134.1,42219386.36,65110.9495,42154275.41,6323141.312,99.9414119,77649.59167,12/30/2020,Entertainment
MSFT,2020,263.6450798,55871496.98,57365000,151240000,1042288.29,1493503.018,46499834.5,54829208.69,123521.0467,54705687.65,8205853.147,97.39649086,57156.71577,2/21/2020,Technology
MSFT,2020,257.5114882,5599250.565,5658000,14570000,154314.4049,58749.4353,4624672.592,5444936.16,4144.8753,5440791.285,816118.6927,98.96165721,580411.0463,7/21/2020,Technology
MSFT,2020,257.3431424,53765186.25,54779000,140970000,2073877.05,1013813.747,43868417.78,51691309.2,81405.9349,51609903.27,7741485.49,98.14926569,59859.68346,7/18/2020,Technology
META,2020,165.2150245,7151714.412,7348000,12140000,165698.909,196285.5876,5923501.72,6986015.503,17189.9507,6968825.553,1045323.833,97.32872091,446896.6658,4/26/2020,Communication Service
MSFT,2020,204.2500516,38569491.25,38776000,79200000,1670756.498,206508.7452,31310976.27,36898734.76,62292.0886,36836442.67,5525466.4,99.46743154,84605.26872,7/25/2020,Technology
AAPL,2020,84.31430253,20220899.66,20388000,17190000,876626.3429,167100.3375,16434042.48,19344273.32,10105.6977,19334167.62,2900125.143,99.18039858,161001.2115,8/26/2020,Technology
TSLA,2020,167.9197995,48717351.46,49476000,83080000,946582.6761,758648.5436,40496618.59,47770768.78,127688.0805,47643080.7,7146462.105,98.46663323,66286.35904,8/10/2020,Automotive Technology
META,2020,137.9262989,42609830.91,43690000,60260000,2160294.68,1080169.094,34321257.2,40449536.23,71586.5815,40377949.64,6056692.447,97.52765142,75078.10712,9/22/2020,Communication Service
NVDA,2020,203.5276404,23177887.37,23245000,47310000,87191.705,67112.6322,19622442.36,23090695.66,5469.3607,23085226.3,3462783.945,99.71128143,141200.5593,8/16/2020,Technology
META,2020,196.6156326,6203701.398,6205000,12200000,248210.9931,1298.6016,5050646.59,5955490.405,13553.2403,5941937.165,891290.5748,99.97907169,529236.2611,1/26/2020,Communication Service
MSFT,2020,265.1679727,51540637.85,51556000,136710000,500423.4409,15362.1518,43274250.9,51040214.41,129331.0014,50910883.41,7636632.511,99.97020298,63608.03592,3/2/2020,Technology
ORCL,2020,130.6622432,23298686.54,23511000,30720000,1096478.82,212313.4606,18844966.51,22202207.72,31658.889,22170548.83,3325582.325,99.09696116,139601.9055,11/23/2020,Technology
ORCL,2020,129.5457573,14607459.71,15014000,19450000,289514.6727,406540.2939,12152269.01,14317945.03,21157.9629,14296787.07,2144518.061,97.2922586,218664.5864,12/21/2020,Technology
AMZN,2020,246.7457571,23911132.34,24276000,59900000,95396.1838,364867.6571,20228645.55,23815736.16,17329.6276,23798406.53,3569760.98,98.49700257,135199.5345,8/14/2020,Consumer Discretionary
AAPL,2020,233.1566706,25506211.49,26227000,61150000,63361.105,720788.514,21589217.74,25442850.38,43770.6868,25399079.69,3809861.954,97.25173099,125134.739,3/1/2020,Technology
GOOG,2020,271.9862179,23236091.12,23799000,64730000,1066466.037,562908.8836,18837114.51,22169625.08,8313.8898,22161311.19,3324196.678,97.63473724,137911.324,6/5/2020,Technology
MSFT,2020,274.5383037,35046964.49,35088000,96330000,1751168.288,41035.5089,28224307.39,33295796.2,90728.6855,33205067.52,4980760.128,99.88304974,93508.39888,10/24/2020,Technology
NVDA,2020,213.4178185,28629430.04,28723000,61300000,740431.9707,93569.9644,23669135.44,27888998.06,42956.3754,27846041.69,4176906.253,99.67423332,114251.9653,8/1/2020,Technology
GOOG,2020,187.4107478,26013820.21,26610000,49870000,17561.1861,596179.7868,22048447.94,25996259.03,56908.5125,25939350.51,3890902.577,97.75956487,123332.2247,6/4/2020,Technology
TSLA,2020,78.88294788,30802106.96,31046000,24490000,320126.5546,243893.0371,25898935.9,30481980.41,12644.0527,30469336.36,4570400.453,99.21441398,105695.642,11/10/2020,Automotive Technology
MSFT,2020,297.0727568,27780834.41,28286000,84030000,1336915.862,505165.5917,22426446.15,26443918.55,59864.2559,26384054.29,3957608.144,98.21407908,116018.6276,8/12/2020,Technology
GOOG,2020,149.3262479,25765392.53,26345000,39340000,877724.6075,579607.4694,21118086.94,24887667.92,42859.7578,24844808.17,3726721.225,97.79993369,124573.8091,4/23/2020,Technology
ORCL,2020,190.671368,55344118.79,55871000,106530000,1183117.022,526881.2102,45999906.54,54161001.77,43464.6653,54117537.1,8117630.566,99.05696836,58687.77004,9/6/2020,Technology
ORCL,2020,268.8238527,14481691.05,14556000,39130000,74654.4996,74308.9519,12236383.97,14407036.55,11290.6958,14395745.85,2159361.878,99.48949607,225547.9459,5/11/2020,Technology
AMZN,2020,164.1384467,18196113.28,18722000,30730000,649582.0694,525886.7203,14906606.65,17546531.21,9346.9117,17537184.3,2630577.645,97.19107617,175336.9993,12/18/2020,Consumer Discretionary
TSLA,2020,90.74292677,25978657.46,26261000,23830000,114093.0682,282342.536,21962715.41,25864564.4,26075.6783,25838488.72,3875773.308,98.92485992,124972.5981,11/7/2020,Automotive Technology
ORCL,2020,202.1147513,17150049.58,17307000,34980000,153683.818,156950.4203,14437171.74,16996365.76,11457.8344,16984907.93,2547736.189,99.09313907,189680.5223,7/16/2020,Technology
AAPL,2020,98.63747901,30715156.81,30972000,30550000,628965.9855,256843.1906,25534453.05,30086190.82,45657.8257,30040533,4506079.95,99.17072456,105948.4147,2/22/2020,Technology
MSFT,2020,207.7505736,31525300.9,31817000,66100000,188861.4893,291699.0995,26627271.79,31336439.41,10237.3031,31326202.11,4698930.316,99.08319735,103131.9672,9/11/2020,Technology
META,2020,239.2156863,52449464.71,54060000,129320000,1742711.817,1610535.294,43081802.61,50706752.89,22279.2249,50684473.66,7602671.05,97.02083741,60657.14946,12/19/2020,Communication Service
MSFT,2020,197.1642077,26077604.85,26095000,51450000,841134.1942,17395.1457,21409202.33,25236470.66,49173.8064,25187296.85,3778094.528,99.93333916,125768.2315,8/27/2020,Technology
MSFT,2020,124.5453281,50192703.29,50311000,62660000,1661820.165,118296.7129,41181713.5,48530883.12,81808.4192,48449074.7,7267361.205,99.76486909,65184.56004,6/7/2020,Technology
NFLX,2020,231.7941126,17554086.61,17563000,40710000,372887.9617,8913.3942,14568584.59,17181198.64,41687.367,17139511.28,2570926.692,99.94924902,186914.2629,7/21/2020,Entertainment
MSFT,2020,212.6534992,24744627.75,25163000,53510000,730630.4427,418372.2504,20383997.3,24013997.31,32824.0159,23981173.29,3597175.994,98.33735147,130430.2031,8/29/2020,Technology
BABA,2020,61.99224765,37316710.39,37666000,23350000,115995.8743,349289.6088,31573103.85,37200714.52,55886.4574,37144828.06,5571724.209,99.07266604,87101.49472,9/10/2020,Consumer Discretionary
GOOG,2020,78.92329805,7629651.632,7653000,6040000,172185.9475,23348.368,6329335.61,7457465.685,11188.4962,7446277.188,1116941.578,99.69491222,429082.2161,7/7/2020,Technology
BABA,2020,246.1920288,20247273.84,20549000,50590000,129957.6645,301726.1553,17079597.76,20117316.18,23671.7592,20093644.42,3014046.663,98.53167475,159738.9946,8/22/2020,Consumer Discretionary
MSFT,2020,277.5975873,34986136.1,35148000,97570000,1080271.794,161863.8988,28785076.12,33905864.31,41068.8718,33864795.44,5079719.315,99.53947906,93348.60305,2/21/2020,Technology
GOOG,2020,217.264125,50399001.9,50938000,110670000,306153.2,538998.1026,42473025.6,50092848.7,124583.2834,49968265.41,7495239.812,98.9418546,64380.96706,4/27/2020,Technology
MSFT,2020,68.76383841,46937307.96,47874000,32920000,2302095.977,936692.041,37905703.22,44635211.98,40267.0183,44594944.96,6689241.745,98.04342223,68507.83515,7/25/2020,Technology
MSFT,2020,140.0508925,50741542.35,51874000,72650000,2073635.454,1132457.648,41269622.95,48667906.9,115409.3053,48552497.59,7282874.639,97.81690703,63217.49046,11/9/2020,Technology
AAPL,2020,215.8310837,51295516.72,51860000,111930000,2030834.208,564483.2845,41798251.59,49264682.51,90268.8685,49174413.64,7376162.046,98.91152471,63234.58349,11/1/2020,Technology
MSFT,2023,76.6382656,22005153.28,22417000,17180000,428339.9193,411846.7225,18308027.56,21576813.36,37957.4102,21538855.95,3230828.392,98.16279287,146419.6726,11/6/2023,Technology
BABA,2023,72.3715008,10401709.7,10681000,7730000,81354.0561,279290.3027,8754241.908,10320355.64,21247.5143,10299108.13,1544866.219,97.38516709,307411.6094,12/9/2023,Consumer Discretionary
AAPL,2023,205.0532829,23110106.81,23272000,47720000,196122.0977,161893.1882,19455609.88,22913984.71,25031.9124,22888952.8,3433342.92,99.30434347,141036.6234,10/9/2023,Technology
META,2023,253.8658693,22997450.36,23410000,59430000,468395.9701,412549.6352,19142701.81,22529054.39,8228.7331,22520825.66,3378123.849,98.23772048,140204.6348,10/21/2023,Communication Service
AMZN,2023,291.1579892,21908873.02,22280000,64870000,837011.2411,371126.9841,17899482.02,21071861.77,13647.6318,21058214.14,3158732.122,98.3342595,147320.6239,4/16/2023,Consumer Discretionary
GOOG,2023,84.80506498,41893746.28,42014000,35630000,1643018.836,120253.7233,34130913.97,40250727.44,96711.0063,40154016.43,6023102.465,99.71377702,78077.07193,7/26/2023,Technology
NFLX,2023,297.6400529,9061298.907,9068000,26990000,28059.2952,6701.093,7669087.036,9033239.612,10784.2753,9022455.337,1353368.301,99.92610175,362111.2373,11/24/2023,Entertainment
NVDA,2023,280.866531,34338973.55,34390000,96590000,423366.6614,51026.4514,28790102.28,33915606.89,44898.3186,33870708.57,5080606.285,99.85162416,95408.33091,11/12/2023,Technology
AMZN,2023,74.38837604,24136367.79,24157000,17970000,1119412.639,20632.2072,19515341.37,23016955.15,57730.0183,22959225.14,3443883.77,99.91459119,135866.0347,6/18/2023,Consumer Discretionary
META,2023,107.9615351,56989289.54,57715000,62310000,367909.7632,725710.4574,48075971.08,56621379.78,61413.8057,56559965.97,8483994.896,98.74259645,56809.49493,4/4/2023,Communication Service
NVDA,2023,226.1805503,26327059.84,26386000,59680000,572768.092,58940.1583,21864650.44,25754291.75,31173.5852,25723118.16,3858467.725,99.77662337,124380.0841,4/17/2023,Technology
MSFT,2023,84.45523694,27385749.86,28003000,23650000,172381.4315,617250.1393,23089921.09,27213368.43,48755.3775,27164613.05,4074691.958,97.79577138,117192.1294,11/22/2023,Technology
NFLX,2023,208.8590957,15067642.81,15216000,31780000,121860.8783,148357.1929,12693753.13,14945781.93,11954.7212,14933827.21,2240074.081,99.02499216,215760.3772,7/3/2023,Entertainment
META,2023,266.3816935,38064922.94,39068000,104070000,588327.6202,1003077.058,31833150.09,37476595.32,25830.5117,37450764.81,5617614.722,97.43248424,83972.16904,8/6/2023,Communication Service
AAPL,2023,253.8172516,12358293.1,12509000,31750000,435493.3415,150706.8983,10127390.35,11922799.76,8222.8761,11914576.88,1787186.533,98.79521226,262473.4671,7/19/2023,Technology
BABA,2023,172.9328776,27244759.28,27502000,47560000,17839.1583,257240.7183,23110028.42,27226920.12,38651.3908,27188268.73,4078240.31,99.06464723,119328.8234,1/19/2023,Consumer Discretionary
NVDA,2023,191.3515036,14122370.1,14199000,27170000,298172.8834,76629.902,11739210.47,13824197.21,13361.3678,13810835.85,2071625.377,99.4603148,231221.3254,3/31/2023,Technology
META,2023,84.79014792,13897249.63,14129000,11980000,445179.6208,231750.3676,11429461.9,13452070.01,5644.2511,13446425.76,2016963.864,98.35975393,232367.3721,6/9/2023,Communication Service
AMZN,2023,194.3609023,31200194.48,31920000,62040000,1144673.266,719805.5161,25518244.54,30055521.22,34057.0483,30021464.17,4503219.625,97.74497019,102798.8565,11/4/2023,Consumer Discretionary
TSLA,2023,68.89287665,24954371.94,25634000,17660000,696566.5965,679628.0575,20606175.54,24257805.35,15245.8853,24242559.46,3636383.919,97.34872413,128031.8366,11/20/2023,Automotive Technology
GOOG,2023,119.5479481,32802094.15,33359000,39880000,1562698.13,556905.8487,26486717.47,31239396.02,78551.9354,31160844.09,4674126.613,98.33056792,98360.1307,8/17/2023,Technology
META,2023,131.8280246,56775887.98,57264000,75490000,1537790.424,488112.0165,46916237.14,55238097.56,42524.4482,55195573.11,8279335.967,99.14761104,57257.70292,12/30/2023,Communication Service
AMZN,2023,225.9329631,40892609.7,41052000,92750000,137417.8282,159390.3019,34617275,40755191.87,28985.988,40726205.88,6108930.882,99.6117356,79909.0495,11/19/2023,Consumer Discretionary
AMZN,2023,223.9158048,5404456.31,5511000,12340000,157730.6008,106543.6899,4452861.162,5246725.709,8065.5187,5238660.191,785799.0286,98.06670858,595895.5543,10/12/2023,Consumer Discretionary
GOOG,2023,169.4153618,43149003.06,43172000,73140000,1667137.388,22996.9447,35214457.05,41481865.67,53092.6695,41428773,6214315.95,99.94673181,75980.13296,6/16/2023,Technology
AMZN,2023,251.4879451,9670543.935,9913000,24930000,257514.1861,242456.0648,7981446.677,9413029.749,23092.4825,9389937.267,1408490.59,97.55416055,331235.7712,9/21/2023,Consumer Discretionary
NFLX,2023,71.66622051,51777728.15,52298000,37480000,1971269.667,520271.846,42293398.79,49806458.49,49518.7289,49756939.76,7463540.964,99.00517831,62704.15121,7/28/2023,Entertainment
AMZN,2023,110.2806589,25700069.85,26224000,28920000,1163526.422,523930.1519,20856051.6,24536543.43,12.1262,24536531.3,3680479.695,98.00209674,125149.0657,4/16/2023,Consumer Discretionary
ORCL,2023,220.7347199,24400353.51,25098000,55400000,573320.8452,697646.4904,20218837.95,23827032.66,40164.4842,23786868.18,3568030.227,97.22031042,130768.2564,11/15/2023,Technology
NFLX,2023,70.59633028,43195404.18,43600000,30780000,101538.9844,404595.8249,36562803.96,43093865.19,78801.7142,43015063.48,6452259.522,99.07202792,75233.29128,6/2/2023,Entertainment
META,2023,240.8063564,36437713.97,37254000,89710000,1549057.326,816286.0271,29638372.42,34888656.65,19983.2139,34868673.43,5230301.015,97.80886341,88065.87481,6/14/2023,Communication Service
GOOG,2023,63.76047161,37722329.62,38676000,24660000,1029220.285,953670.3753,31123014.84,36693109.34,77797.7579,36615311.58,5492296.737,97.53420629,84824.28121,2/2/2023,Technology
AAPL,2023,91.72486368,52057365.99,52265000,47940000,2436267.753,207634.0129,42076732.68,49621098.23,119059.7876,49502038.45,7425305.767,99.60272838,62743.80561,12/2/2023,Technology
BABA,2023,112.059027,16980758.61,17348000,19440000,674186.538,367241.3943,13860204.89,16306572.07,448.6729,16306123.39,2445918.509,97.88309088,189231.9979,3/22/2023,Consumer Discretionary
AAPL,2023,166.3064498,8676365.47,8791000,14620000,135211.3631,114634.5301,7242602.633,8541154.107,20445.1272,8520708.98,1278106.347,98.69600125,373524.3317,8/24/2023,Technology
NFLX,2023,293.1478441,56986896.13,57865000,169630000,17789.6694,878103.8741,48307400.23,56969106.46,136870.8887,56832235.57,8524835.335,98.48249568,56661.97183,7/14/2023,Entertainment
BABA,2023,143.1327072,43403162.36,43547000,62330000,1938524.101,143837.6414,35205272.76,41464638.26,46670.3039,41417967.95,6212695.193,99.66969564,75324.97761,5/30/2023,Consumer Discretionary
META,2023,139.5928185,11506137.9,11641000,16250000,558504.844,134862.1002,9294349.686,10947633.06,13104.0139,10934529.04,1640179.356,98.84149042,282052.0058,11/7/2023,Communication Service
AMZN,2023,116.2727149,21607311.89,21957000,25530000,869624.5228,349688.1139,17615107.85,20737687.36,14031.0728,20723656.29,3108548.444,98.40739576,149489.2654,4/15/2023,Consumer Discretionary
MSFT,2023,148.7458411,49225769.48,50193000,74660000,1418839.118,967230.5209,40553210.51,47806930.36,97270.933,47709659.43,7156448.914,98.07297727,65338.03917,10/29/2023,Technology
AAPL,2023,93.19585692,41698243.71,42577000,39680000,975135.3683,878756.2896,34599835.73,40723108.34,17419.2468,40705689.1,6105853.364,97.93607748,77043.32856,11/15/2023,Technology
TSLA,2023,187.6717281,27434829.96,27660000,51910000,90863.2451,225170.0448,23242313.88,27343966.71,68.0332,27343898.68,4101584.802,99.18593621,118646.6197,7/29/2023,Automotive Technology
AAPL,2023,139.7771066,47596648,48005000,67100000,1812624.334,408351.997,38819812.43,45784023.67,113656.1076,45670367.56,6850555.134,99.14935528,68320.61244,11/10/2023,Technology
BABA,2023,191.4137614,23557952.25,23922000,45790000,178211.0377,364047.7506,19828163.53,23379741.21,52489.9949,23327251.22,3499087.683,98.47818849,137201.7097,4/1/2023,Consumer Discretionary
META,2023,56.50598772,19449295.94,19874000,11230000,38299.1101,424704.0572,16474217.86,19410996.83,29564.06,19381432.77,2907214.916,97.86301672,165167.7619,7/25/2023,Communication Service
MSFT,2023,290.1691005,48234556.71,48551000,140880000,2297268.275,316443.2909,38941509.55,45937288.43,123747.7895,45813540.64,6872031.097,99.34822498,67551.16064,2/20/2023,Technology
MSFT,2023,222.1257143,21445063.42,21875000,48590000,942399.7349,429936.5833,17398598.72,20502663.68,33724.0099,20468939.67,3070340.951,98.03457562,150050.0114,8/17/2023,Technology
ORCL,2023,242.7015755,51295261.02,51792000,125700000,1717476.762,496738.9765,42047563.7,49577784.26,110062.2586,49467722,7420158.301,99.04089632,63317.73826,10/5/2023,Technology
MSFT,2023,144.6762142,31225536.6,32120000,46470000,360987.9998,894463.4034,26206324.83,30864548.6,33578.212,30830970.38,4624645.558,97.2152447,102158.1413,6/19/2023,Technology
BABA,2023,169.8648265,10515552.34,10579000,17970000,373755.9826,63447.659,8602782.641,10141796.36,20875.6042,10120920.75,1518138.113,99.40024899,310376.5573,3/20/2023,Consumer Discretionary
ORCL,2023,75.2877355,13523263.55,13641000,10270000,593332.6899,117736.4495,10979369.17,12929930.86,13025.9549,12916904.91,1937535.736,99.13689283,240683.7768,2/28/2023,Technology
NFLX,2023,215.2664577,31681598.85,31900000,68670000,511215.2489,218401.147,26431094.96,31170383.6,74977.7693,31095405.83,4664310.875,99.31535691,102863.3699,12/9/2023,Entertainment
GOOG,2023,271.3607595,14811854.55,15168000,41160000,330353.0695,356145.4459,12299740.99,14481501.48,11217.9682,14470283.52,2170542.528,97.65199469,216443.4797,2/22/2023,Technology
BABA,2023,221.7690587,57344506.07,58110000,128870000,2435123.081,765493.9349,46643127.25,54909382.98,35115.6262,54874267.36,8231140.104,98.68268123,56422.65531,8/4/2023,Consumer Discretionary
AAPL,2023,87.407275,11031020.33,11189000,9780000,546881.8362,157979.6733,8906499.694,10484138.49,5903.5563,10478234.93,1571735.24,98.5880805,293450.0492,9/9/2023,Technology
ORCL,2023,118.8216966,6932940.329,7061000,8390000,263978.8441,128059.6709,5654925.796,6668961.485,16107.6079,6652853.877,997928.0816,98.18638053,465065.2032,8/13/2023,Technology
MSFT,2023,272.3959064,7063006.057,7133000,19430000,115821.7649,69993.9434,5895307.918,6947184.292,11527.9178,6935656.374,1040348.456,99.01873064,460369.8584,6/30/2023,Technology
NFLX,2023,266.804926,46336182.28,46772000,124790000,1312693.929,435817.7213,38225814.26,45023488.35,51942.1603,44971546.19,6745731.928,99.06820807,70124.31155,10/14/2023,Entertainment
BABA,2023,80.98027436,38938062.77,39948000,32350000,1668423.791,1009937.235,31660913.13,37269638.97,21505.8764,37248133.1,5587219.965,97.47187034,82120.17373,3/2/2023,Consumer Discretionary
MSFT,2023,137.4269006,36851084.16,37278000,51230000,348589.977,426915.8447,30946406.61,36502494.18,94956.9939,36407537.18,5461130.578,98.85477803,88009.11261,11/29/2023,Technology
AAPL,2023,211.8513413,54806602.57,55133000,116800000,2364076.307,326397.4276,44501382.58,52442526.27,87958.5205,52354567.74,7853185.162,99.40798174,59474.69211,10/26/2023,Technology
META,2023,166.6489926,18693673.71,18860000,31430000,727916.5073,166326.2916,15238487.74,17965757.2,38124.5616,17927632.64,2689144.896,99.11810026,174053.3139,11/16/2023,Communication Service
BABA,2023,51.8480631,36933043.57,37147000,19260000,562522.2647,213956.43,30901749.62,36370521.31,15521.7508,36354999.55,5453249.933,99.4240277,88319.83202,1/14/2023,Consumer Discretionary
AAPL,2023,220.1843742,40810340.09,41329000,91000000,34276.0264,518659.9057,34593776.21,40776064.07,77503.8236,40698560.24,6104784.037,98.74504608,79372.8036,8/19/2023,Technology
AAPL,2023,114.8494011,58145428.01,59861000,68750000,1481768.738,1715571.988,48156915.74,56663659.27,8464.2863,56655194.99,8498279.248,97.13407396,54769.30556,6/12/2023,Technology
NFLX,2023,58.81236957,26203857.44,26355000,15500000,56849.8492,151142.5648,22187387.09,26147007.59,44199.2394,26102808.35,3915421.252,99.42651275,124526.5035,2/28/2023,Entertainment
BABA,2023,217.958767,53540523.35,54859000,119570000,1592869.116,1318476.649,44095017.14,51947654.23,71163.4859,51876490.75,7781473.612,97.59660831,59772.24521,11/26/2023,Consumer Discretionary
TSLA,2023,132.8369014,47582216.94,48345000,64220000,2322650.47,762783.0574,38412569.49,45259566.47,68308.2446,45191258.23,6778688.734,98.422209,67839.42497,3/7/2023,Automotive Technology
GOOG,2023,153.2761196,33147803.53,34141000,52330000,335760.1218,993196.4742,27874463.63,32812043.4,18556.7821,32793486.62,4919022.993,97.09089812,96104.90027,10/24/2023,Technology
ORCL,2023,265.5898113,12817839.95,12877000,34200000,385388.686,59160.0535,10564050.67,12432451.26,4156.3537,12428294.91,1864244.236,99.54057581,254969.6203,8/23/2023,Technology
MSFT,2023,244.9415818,47734933.82,48187000,118030000,1579822.201,452066.1839,39142334.67,46155111.62,105306.1211,46049805.49,6907470.824,99.06185032,68062.19105,1/29/2023,Technology
MSFT,2023,150.8458411,39547277.36,39842000,60100000,1877368.805,294722.6402,31942689.83,37669908.55,90273.4616,37579635.09,5636945.264,99.26027147,82338.92124,10/14/2023,Technology
NVDA,2023,183.3745482,5178723.543,5257000,9640000,151590.3301,78276.4569,4272739.895,5027133.213,380.3952,5026752.818,754012.9227,98.51100519,624691.9916,1/18/2023,Technology
TSLA,2023,199.0850747,44260451.57,45031000,89650000,948198.5671,770548.4331,36793801.96,43312253,25427.1624,43286825.84,6493023.876,98.28884894,72839.34179,8/17/2023,Automotive Technology
META,2023,298.8725645,52545643.28,53839000,160910000,358115.3505,1293356.721,44343048.46,52187527.93,19235.6281,52168292.3,7825243.845,97.59773264,60906.5473,5/9/2023,Communication Service
META,2023,97.09600549,24148692.61,24759000,24040000,582338.6659,610307.3915,20006284.13,23566353.94,29549.0782,23536804.86,3530520.73,97.53500791,132560.1034,8/9/2023,Communication Service
AAPL,2023,113.9447472,52961103.59,53210000,60630000,2648798.849,248896.411,42744761.66,50312304.74,24349.8489,50287954.89,7543193.234,99.53223753,61627.71096,7/27/2023,Technology
NVDA,2023,113.154772,11522111.1,11798000,13350000,523110.1769,275888.8999,9336235.257,10999000.92,15194.739,10983806.18,1647570.928,97.66156213,278297.3131,8/23/2023,Technology
TSLA,2023,215.6213761,40501018.47,41392000,89250000,1054668.305,890981.5304,33515658.98,39446350.16,16163.135,39430187.03,5914528.054,97.84745475,79251.84335,8/25/2023,Automotive Technology
META,2023,73.7395879,45314436.2,45620000,33640000,468159.2741,305563.7951,38067388.48,44846276.93,61114.0154,44785162.92,6717774.437,99.33019773,71897.62166,10/9/2023,Communication Service
GOOG,2021,157.7390062,9569891.659,9801000,15460000,273495.0136,231108.3409,7880929.093,9296396.646,24715.3602,9271681.285,1390752.193,97.64199224,335022.0794,3/1/2021,Technology
GOOG,2021,92.40770201,36396047.71,36458000,33690000,1005969.626,61952.2899,30064595.39,35390078.08,19965.8568,35370112.23,5305516.834,99.83007217,89990.83054,1/20/2021,Technology
NFLX,2021,125.2769864,12304274.24,12636000,15830000,20020.8377,331725.7626,10414147.79,12284253.4,32314.8226,12251938.58,1837790.787,97.37475655,259834.4334,9/4/2021,Entertainment
NVDA,2021,158.7264151,8420711.458,8480000,13460000,238046.3814,59288.5417,6947503.115,8182665.077,9132.001,8173533.076,1226029.961,99.30084267,387226.8278,7/10/2021,Technology
TSLA,2021,173.9568635,44521816.24,44649000,77670000,236422.3412,127183.756,37598977.96,44285393.9,51302.1906,44234091.71,6635113.757,99.71514758,73463.38328,8/24/2021,Automotive Technology
ORCL,2021,83.85792857,29364330.54,30182000,25310000,873554.8481,817669.4563,24203832.94,28490775.7,15678.115,28475097.58,4271264.637,97.29087053,108724.1833,11/19/2021,Technology
ORCL,2021,200.799108,21459155.9,21524000,43220000,859810.4456,64844.1019,17485209.6,20599345.45,28510.6292,20570834.82,3085625.224,99.69873582,152498.5644,1/29/2021,Technology
ORCL,2021,120.0924795,22442372.5,22924000,27530000,665673.0662,481627.4985,18506008.44,21776699.44,4924.7978,21771774.64,3265766.196,97.89902505,143179.1616,10/25/2021,Technology
ORCL,2021,187.5323575,41490320.91,42494000,79690000,58864.2951,1003679.09,35140589.3,41431456.62,89586.8452,41341869.77,6201280.466,97.63806869,77194.00621,5/20/2021,Technology
NVDA,2021,122.823287,28610086.2,29115000,35760000,561650.076,504913.7962,23835976.5,28048436.13,6110.831,28042325.3,4206348.795,98.26579496,112712.3476,11/19/2021,Technology
TSLA,2021,88.53257131,18857814.42,18897000,16730000,442282.8645,39185.5815,15634696.21,18415531.55,21771.307,18393760.25,2759064.037,99.79263597,173712.3247,8/1/2021,Automotive Technology
META,2021,61.08168042,39407806.85,40585000,24790000,541201.3857,1177193.148,32990747.25,38866605.47,53961.648,38812643.82,5821896.573,97.09943785,80829.69077,4/10/2021,Communication Service
BABA,2021,147.7742394,29426624.92,29518000,43620000,1335707.764,91375.084,23826910.57,28090917.15,59257.6551,28031659.5,4204748.925,99.69044283,111172.156,1/18/2021,Consumer Discretionary
ORCL,2021,56.14649814,23898805.33,23973000,13460000,458279.9222,74194.6667,19905509.51,23440525.41,22278.9277,23418246.48,3512736.973,99.69050738,136909.615,2/23/2021,Technology
GOOG,2021,135.7728289,23571382.29,24158000,32800000,986482.4044,586617.7104,19160647.15,22584899.89,42962.0612,22541937.82,3381290.674,97.57174555,135860.4065,12/14/2021,Technology
MSFT,2021,187.9868185,32984349.7,33380000,62750000,816933.4808,395650.3007,27276208.97,32167416.22,77758.6074,32089657.61,4813448.642,98.81470851,98298.18754,3/10/2021,Technology
NFLX,2021,214.3466002,15081011.87,15251000,32690000,185360.1446,169988.1318,12656613.11,14895651.72,5518.6488,14890133.07,2233519.961,98.88539681,215264.9925,2/23/2021,Entertainment
ORCL,2021,226.5053461,49373453.04,49756000,112700000,683068.1182,382546.9568,41359109.91,48690384.93,32608.5568,48657776.37,7298666.455,99.23115412,65912.77233,8/30/2021,Technology
MSFT,2021,85.06107109,31815875.69,31930000,27160000,1098893.729,114124.3142,26068289.52,30716981.96,48406.0511,30668575.91,4600286.386,99.64257966,102766.6301,9/6/2021,Technology
TSLA,2021,191.4227905,46661573.16,47941000,91770000,1215182.228,1279426.84,38627055.5,45446390.93,2796.225,45443594.71,6816539.206,97.33124707,68411.95219,7/23/2021,Automotive Technology
NVDA,2021,75.60819678,58984814.4,59438000,44940000,551181.2472,453185.6013,49560998.27,58433633.15,126576.3636,58307056.79,8746058.518,99.23754904,55159.79172,6/1/2021,Technology
GOOG,2021,234.4193919,16507880.87,16543000,38780000,753709.7219,35119.1288,13366017.59,15754171.15,29444.5786,15724726.57,2358708.986,99.78771004,198445.0946,8/6/2021,Technology
AMZN,2021,192.519118,48987491.69,49299000,94910000,1472104.422,311508.307,40331802.49,47515387.27,66207.8659,47449179.4,7117376.911,99.36812449,66524.70841,5/10/2021,Consumer Discretionary
MSFT,2021,227.8453982,18303191.74,18732000,42680000,151545.0314,428808.2556,15404277.98,18151646.71,28966.7408,18122679.97,2718401.996,97.71082503,175243.3429,1/2/2021,Technology
NFLX,2021,130.7088081,31679075.2,32209000,42100000,1277867.746,529924.7979,25798247.65,30401207.46,50327.8688,30350879.59,4552631.938,98.35473067,101875.5814,2/8/2021,Entertainment
META,2021,206.4220183,7676881.538,7848000,16200000,368854.4778,171118.462,6206078.941,7308027.06,6757.7178,7301269.342,1095190.401,97.81959146,418418.2849,4/19/2021,Communication Service
AAPL,2021,83.1732001,30891155.68,31224000,25970000,188963.4011,332844.316,26043939.69,30702192.28,62263.2406,30639929.04,4595989.356,98.93401129,105092.5282,5/24/2021,Technology
NFLX,2021,219.2766898,39877408.4,40287000,88340000,13623.7362,409591.5984,33843342.87,39863784.67,48087.1756,39815697.49,5972354.624,98.98331571,81428.32179,5/13/2021,Entertainment
META,2021,87.85150718,39226023.47,39544000,34740000,382674.5844,317976.531,32937249.11,38843348.88,93644.0523,38749704.83,5812455.725,99.19589184,82960.17348,3/2/2021,Communication Service
GOOG,2021,197.3913981,46289164.24,46385000,91560000,1028235.306,95835.7612,38396498.39,45260928.93,88577.8855,45172351.05,6775852.657,99.79339062,70710.20804,5/23/2021,Technology
MSFT,2021,71.07201107,19873855.96,20233000,14380000,815002.1193,359144.037,16156015.57,19058853.84,51776.7084,19007077.14,2851061.57,98.22495904,162235.368,7/3/2021,Technology
TSLA,2021,177.3808101,33300762.08,33476000,59380000,1248922.921,175237.9198,27231699.27,32051839.16,14545.9008,32037293.26,4805593.989,99.47652671,98016.00848,7/12/2021,Automotive Technology
TSLA,2021,65.09040334,7147203.418,7190000,4680000,239417.0352,42796.5823,5859370.235,6907786.383,14409.636,6893376.747,1034006.512,99.40477632,456719.4019,6/18/2021,Automotive Technology
BABA,2021,127.4863037,19955457.21,20261000,25830000,761350.3518,305542.7937,16276793.76,19194106.85,44937.7218,19149169.13,2872375.37,98.49196588,162011.0261,5/18/2021,Consumer Discretionary
BABA,2021,88.84223463,57270028.6,58587000,52050000,851616.8997,1316971.396,47888804.43,56418411.7,78641.7886,56339769.92,8450965.487,97.75210986,55962.46266,6/5/2021,Consumer Discretionary
AAPL,2021,136.6746123,31743758.31,32303000,44150000,1357305.544,559241.6889,25823279.7,30386452.77,6123.7131,30380329.05,4557049.358,98.26876238,101578.8379,2/25/2021,Technology
GOOG,2021,50.65255886,44800649.54,45743000,23170000,1632132.923,942350.4579,36629695.3,43168516.62,74757.4413,43093759.18,6464063.877,97.93990237,71704.02466,4/19/2021,Technology
AAPL,2021,141.0545889,7330355.648,7529000,10620000,124511.5735,198644.3518,6119808.891,7205844.075,6068.9092,7199775.166,1079966.275,97.36161042,436150.6973,6/12/2021,Technology
MSFT,2021,264.364749,55273670.09,56214000,148610000,624541.681,940329.9118,46389914.6,54649128.41,72758.2859,54576370.12,8186455.518,98.32723181,58329.06571,4/4/2021,Technology
TSLA,2021,197.9289553,29784137.67,30516000,60400000,1301261.384,731862.327,24205157,28482876.29,6220.989,28476655.3,4271498.295,97.60170951,107533.0941,11/12/2021,Automotive Technology
NVDA,2021,186.6401678,44864377.38,45285000,84520000,1722297.582,420622.6154,36666188.77,43142079.8,5387.133,43136692.67,6470503.901,99.07116569,72430.23076,7/18/2021,Technology
AMZN,2021,152.4948608,5208856.537,5351000,8160000,49499.9249,142143.4626,4373735.512,5159356.613,13785.4225,5145571.19,771835.6785,97.34360937,613716.3895,10/17/2021,Consumer Discretionary
MSFT,2021,262.7126699,20941843.9,21042000,55280000,913637.9403,100156.1021,17002779.83,20028205.96,24935.5738,20003270.38,3000490.558,99.52401814,155994.0738,4/9/2021,Technology
GOOG,2021,242.511613,12177259.19,12486000,30280000,303575.51,308740.8142,10082218.06,11873683.68,12250.6659,11861433.01,1779214.952,97.52730407,262957.144,8/19/2021,Technology
GOOG,2021,162.4271575,10731700.27,10811000,17560000,241488.6616,79299.7331,8915246.867,10490211.61,1685.88,10488525.73,1573278.859,99.26649031,303713.847,4/14/2021,Technology
BABA,2021,75.51420176,10032934.3,10210000,7710000,225318.7786,177065.7021,8318043.771,9807615.519,21681.6711,9785933.848,1467890.077,98.26576198,321597.5024,5/2/2021,Consumer Discretionary
AMZN,2021,150.1541171,15842322.06,15897000,23870000,430281.817,54677.9411,13079540.79,15412040.24,24345.1945,15387695.05,2308154.257,99.65604868,206513.2918,10/6/2021,Consumer Discretionary
GOOG,2021,160.8616871,53253326.13,54637000,87890000,889920.2232,1383673.871,44464449.29,52363405.91,52289.0898,52311116.82,7846667.522,97.46751492,60015.51696,5/1/2021,Technology
AMZN,2021,161.498708,19898739.9,20124000,32500000,85746.8506,225260.0966,16813624.76,19812993.05,32258.0418,19780735.01,2967110.252,98.88063955,163114.6442,7/11/2021,Consumer Discretionary
AMZN,2021,250.5353859,38686876.5,39691000,99440000,1847845.353,1004123.503,31292341.87,36839031.14,24511.3025,36814519.84,5522177.976,97.47014814,82652.55096,4/23/2021,Consumer Discretionary
ORCL,2021,252.722323,6425043.92,6612000,16710000,60046.7933,186956.0798,5406436.163,6364997.127,4483.9945,6360513.132,954076.9699,97.17247308,496653.1004,8/2/2021,Technology
META,2021,75.03969677,57276789.99,58569000,43950000,2794383.816,1292210.014,46253569.96,54482406.17,66441.5075,54415964.66,8162394.699,97.7936963,55979.69233,7/8/2021,Communication Service
AAPL,2021,295.6659302,36083401.44,36663000,108400000,1824233.039,579598.557,29066192.73,34259168.4,63647.5431,34195520.86,5129328.129,98.41911857,89487.09053,12/11/2021,Technology
MSFT,2021,129.4836202,17857759.49,18010000,23320000,488022.266,152240.5144,14758206.01,17369737.22,7141.9193,17362595.3,2604389.295,99.15468898,182272.6541,7/23/2021,Technology
ORCL,2021,97.05040171,35033183.36,35971000,34910000,508263.9659,937816.6412,29311521.58,34524919.39,40776.3519,34484143.04,5172621.456,97.39285357,91210.54183,9/17/2021,Technology
AAPL,2021,54.97361581,37028087.7,38091000,20940000,1686170.76,1062912.299,30039616.37,35341916.94,1191.7984,35340725.14,5301108.771,97.20954478,86128.5448,7/28/2021,Technology
META,2021,190.500057,43474197.33,43895000,83620000,1986880.118,420802.6686,35255154.73,41487317.21,10664.5903,41476652.62,6221497.893,99.04134259,74727.00763,5/5/2021,Communication Service
MSFT,2021,287.2066717,44505664.61,45086000,129490000,591137.7949,580335.3909,37235607.58,43914526.81,107929.6669,43806597.15,6570989.572,98.71282573,72750.36375,1/2/2021,Technology
ORCL,2021,76.03095991,39664271.32,40181000,30550000,1854731.774,516728.679,32084559.59,37809539.55,62998.8502,37746540.7,5661981.105,98.71399746,81643.39862,8/28/2021,Technology
NVDA,2021,69.44085466,22787275.28,23214000,16120000,998641.3156,426724.7206,18517101.23,21788633.96,3808.9872,21784824.98,3267723.747,98.16177858,141389.2522,12/27/2021,Technology
ORCL,2021,68.4067116,13909314.4,13946000,9540000,555963.4341,36685.6016,11342632.27,13353350.96,9077.7023,13344273.26,2001640.989,99.73694535,235417.8187,6/27/2021,Technology
AMZN,2021,188.5132679,26798467.9,27510000,51860000,1220608.425,711532.0963,21725843.81,25577859.48,18043.2369,25559816.24,3833972.436,97.41355109,119294.0931,3/20/2021,Consumer Discretionary
NVDA,2021,51.01275319,7944488.4,7998000,4080000,67702.4448,53511.5998,6686929.23,7876785.955,9810.3912,7866975.564,1180046.335,99.33093774,410569.1048,1/9/2021,Technology
NVDA,2021,101.7031159,10258945.08,10334000,10510000,76125.8444,75054.9231,8647969.411,10182819.23,8737.5726,10174081.66,1526112.249,99.27370889,317737.3815,6/23/2021,Technology
META,2021,115.8276306,28894235.68,29518000,34190000,265073.9866,623764.316,24334508.9,28629161.7,327.6978,28628834,4294325.1,97.88683408,111172.156,7/31/2021,Communication Service
AAPL,2021,216.8718867,45391979.94,46373000,100570000,2168804.917,981020.064,36705589.85,43223175.02,40128.1348,43183046.88,6477457.033,97.88450162,70728.53169,10/11/2021,Technology
ORCL,2021,260.2121417,34960177.52,35448000,92240000,1584758.779,487822.4809,28346738.36,33375418.74,26314.7896,33349103.95,5002365.593,98.62383638,92557.7381,12/8/2021,Technology
NVDA,2021,69.72494711,30270764.24,31194000,21750000,186774.0341,923235.7596,25550262.2,30083990.21,24858.2036,30059132,4508869.8,97.04034186,105193.6943,9/30/2021,Technology
AAPL,2021,239.3250689,11444975.77,11616000,27800000,338834.0719,171024.2276,9436634.754,11106141.7,4218.4601,11101923.24,1665288.486,98.52768399,282659.2545,1/23/2021,Technology
MSFT,2021,252.1165062,57181061.28,58469000,147410000,432923.4876,1287938.723,48186850.94,56748137.79,57724.9241,56690412.87,8503561.93,97.79722806,56075.60588,12/14/2021,Technology
NFLX,2021,206.8003342,59123112.95,59850000,123770000,2134029.304,726887.0537,48353459.98,56989083.64,102660.1398,56886423.5,8532963.526,98.78548529,54779.39014,11/10/2021,Entertainment
META,2021,168.8496952,7518888.067,7711000,13020000,334729.2796,192111.9331,6095177.074,7184158.787,13362.2297,7170796.558,1075619.484,97.50859897,425854.0267,8/4/2021,Communication Service
GOOG,2021,293.51949,12231282.33,12391000,36370000,420697.1284,159717.6732,10034748.43,11810585.2,4998.8083,11805586.39,1770837.959,98.7110187,264973.965,1/18/2021,Technology
GOOG,2021,278.3505155,28694945.25,29294000,81540000,1276496.686,599054.7548,23259730.98,27418448.56,54059.1666,27364389.39,4104658.409,97.95502576,112023.0115,3/25/2021,Technology
AAPL,2021,227.4364038,8384539.469,8609000,19580000,185747.35,224460.531,6967341.052,8198792.119,1920.2933,8196871.826,1229530.774,97.39272237,381422.9992,12/29/2021,Technology
NFLX,2021,181.0632616,47762498.26,47928000,86780000,1486373.261,165501.7391,39303471.97,46276125,36746.2173,46239378.78,6935906.817,99.65468674,68430.53539,4/29/2021,Entertainment
META,2021,255.867258,19727081.52,20069000,51350000,135963.9208,341918.4802,16622214.35,19591117.6,35571.3056,19555546.29,2933331.944,98.29628541,163561.9413,5/30/2021,Communication Service
AAPL,2021,198.5011379,24756498.7,25486000,50590000,430609.1368,729501.2951,20639485.26,24325889.57,44142.2092,24281747.36,3642262.104,97.13763912,128775.9123,9/11/2021,Technology
ORCL,2021,211.8486412,51104042.67,52141000,110460000,943327.3679,1036957.335,42597032.1,50160715.3,46559.8842,50114155.41,7517123.312,98.01124387,62893.25866,3/7/2021,Technology
TSLA,2021,241.355881,12944416.27,13246000,31970000,301262.3882,301583.7269,10737776.42,12643153.88,10475.7427,12632678.14,1894901.721,97.72320907,247864.0269,12/23/2021,Automotive Technology
ORCL,2021,228.3236994,23334507.83,23874000,54510000,583674.3869,539492.1709,19312425.14,22750833.44,30333.2733,22720500.17,3408075.025,97.74025228,137477.7624,10/15/2021,Technology
BABA,2021,167.690708,21146877.2,21158000,35480000,1003158.303,11122.7981,17115324.99,20143718.9,8042.444,20135676.46,3020351.468,99.94742982,155138.2787,4/23/2021,Consumer Discretionary
TSLA,2021,274.8900685,57030340.83,57081000,156910000,423457.3643,50659.1717,47991030.75,56606883.46,146847.2839,56460036.18,8469005.427,99.91125038,57441.59002,9/6/2021,Automotive Technology
GOOG,2021,236.0539505,24042077.52,24541000,57930000,1208639.266,498922.4825,19376082.19,22833438.25,38047.4348,22795390.82,3419308.623,97.96698389,133738.5355,5/16/2021,Technology
MSFT,2021,135.6686081,58247102.81,59579000,80830000,2683716.165,1331897.188,47112544.85,55563386.65,136863.2963,55426523.35,8313978.503,97.76448549,55029.01358,4/21/2021,Technology
TSLA,2021,92.15636069,46562779.99,46866000,43190000,999985.0677,303220.0083,38690964.01,45562794.92,44013.7334,45518781.19,6827817.179,99.35300643,69983.46136,5/24/2021,Automotive Technology
BABA,2021,50.96073517,5927880.549,5985000,3050000,134244.6468,57119.4512,4912991.488,5793635.902,13645.9159,5779989.986,866998.4979,99.0456232,548693.9014,7/20/2021,Consumer Discretionary
AMZN,2021,136.0791767,43029340.87,43144000,58710000,672667.3249,114659.1342,35935413.68,42356673.54,79716.2674,42276957.27,6341543.591,99.73424083,76029.50816,6/6/2021,Consumer Discretionary
MSFT,2021,197.4258386,45319922.43,45374000,89580000,976000.4687,54077.5654,37641288.24,44343921.97,60053.4507,44283868.52,6642580.277,99.88081817,72287.96447,2/11/2021,Technology
MSFT,2021,207.5816449,43052112.64,43236000,89750000,242117.7937,183887.3591,36373058.66,42809994.85,18161.1334,42791833.71,6418775.057,99.57468924,75867.5155,6/9/2021,Technology
TSLA,2021,274.6566792,27502257.14,28035000,77000000,331253.6673,532742.864,23077232.46,27171003.47,21318.223,27149685.25,4072452.787,98.09972226,117058.2486,3/22/2021,Automotive Technology
NVDA,2021,244.4992856,37584617.52,38495000,94120000,958013.8799,910382.4842,31097925.97,36626603.64,40808.3757,36585795.26,5487869.289,97.63506304,85223.58748,4/9/2021,Technology
BABA,2021,152.4345783,24565359.44,24686000,37630000,357018.7795,120640.5621,20543950.5,24208340.66,38987.1285,24169353.53,3625403.03,99.51129968,132952.3981,11/24/2021,Consumer Discretionary
GOOG,2020,111.2154636,45636298.76,45785000,50920000,650334.7188,148701.2424,38203687.54,44985964.04,40449.2869,44945514.75,6741827.213,99.67521843,71638.1566,11/24/2020,Technology
MSFT,2020,273.0351983,41473699.26,42218000,115270000,1140485.654,744300.7446,34198524.74,40333213.6,99655.0807,40233558.52,6035033.778,98.23700615,77699.31546,1/4/2020,Technology
GOOG,2023,73.35506817,6616645.5,6748000,4950000,217238.0713,131354.5001,5430971.826,6399407.429,10028.81,6389378.619,958406.7928,98.05343064,486641.479,7/24/2023,Technology
AMZN,2020,229.0063566,35204673.25,35868000,82140000,1238286.877,663326.7536,28826073.82,33966386.37,53358.3478,33913028.02,5086954.203,98.15064472,91472.75287,4/7/2020,Consumer Discretionary
BABA,2023,197.3253913,16909977.45,17124000,33790000,241250.2548,214022.5533,14165848.51,16668727.19,3023.0639,16665704.13,2499855.619,98.75016028,191708.6604,6/29/2023,Consumer Discretionary
AAPL,2021,135.0523066,42159207.65,43398000,58610000,916152.9091,1238792.346,35040096.08,41243054.74,19412.2983,41223642.45,6183546.367,97.14550821,75583.93705,1/26/2021,Technology
MSFT,2021,134.1440144,56223408.84,57647000,77330000,1895521.663,1423591.159,46055396.14,54327887.18,145068.1857,54182818.99,8127422.849,97.53050261,56876.62498,12/7/2021,Technology
GOOG,2023,261.8470782,10207294.98,10319000,27020000,267724.7784,111705.0236,8440713.834,9939570.198,9318.6287,9930251.569,1489537.735,98.91748209,318199.3992,11/8/2023,Technology
ORCL,2022,232.4263039,48898109.02,49392000,114800000,167378.6077,493890.9837,41390636.21,48730730.41,35864.2813,48694866.13,7304229.919,99.00005875,66399.26101,7/8/2022,Technology
BABA,2020,144.6318416,57295261.83,58521000,84640000,455668.2277,1225738.174,48220630.4,56839593.6,109440.1842,56730153.41,8509523.012,97.90547295,56025.68992,8/11/2020,Consumer Discretionary
BABA,2022,204.6348065,49360813.15,50617000,103580000,2188670.356,1256186.849,40092184.26,47172142.8,4867.1961,47167275.6,7075091.34,97.51825108,64789.88877,3/9/2022,Consumer Discretionary
META,2021,61.46145231,43021840.85,43751000,26890000,1697920.187,729159.152,35061481.14,41323920.66,75119.3161,41248801.35,6187320.202,98.3333886,74973.28975,8/4/2021,Communication Service
AMZN,2022,263.8248264,58833473.8,59187000,156150000,1931778.374,353526.2047,48298919.85,56901695.42,79436.774,56822258.65,8523338.797,99.40269619,55394.13723,7/28/2022,Consumer Discretionary
GOOG,2023,208.9309478,20258565.9,20289000,42390000,724074.7004,30434.1039,16568067.4,19534491.2,42647.1995,19491844,2923776.599,99.84999702,161787.3035,7/22/2023,Technology
META,2021,102.3659306,24819324.76,25360000,25960000,1201604.467,540675.2427,20069460.51,23617720.29,6590.2769,23611130.01,3541669.502,97.86799983,129416.2263,7/26/2021,Communication Service
TSLA,2020,92.77440133,37889253.41,38502000,35720000,621255.8389,612746.5945,31650414.34,37267997.57,32215.9856,37235781.58,5585367.237,98.40853308,85208.07491,12/3/2020,Automotive Technology
AMZN,2021,117.4730476,29725693.53,30424000,35740000,939163.4867,698306.4734,24468492.85,28786530.04,67.8654,28786462.17,4317969.326,97.70475127,107858.5689,1/19/2021,Consumer Discretionary
BABA,2021,260.702396,41581164.28,42654000,111200000,1980815.677,1072835.718,33611180.03,39600348.61,57783.8615,39542564.74,5931384.712,97.48479459,76904.06761,8/19/2021,Consumer Discretionary
AAPL,2021,251.2599853,49796952.99,50199000,126130000,917455.9343,402047.0142,41501959.73,48879497.05,53662.0757,48825834.98,7323875.246,99.19909358,65330.21773,11/5/2021,Technology
NFLX,2022,278.2407407,8535034.402,8640000,24040000,410990.0733,104965.5979,6891048.357,8124044.329,16928.6148,8107115.714,1216067.357,98.78512039,380054.1088,3/2/2022,Entertainment
ORCL,2022,174.7933389,16345145.81,16694000,29180000,203749.7764,348854.192,13693523.68,16141396.03,31368.1756,16110027.86,2416504.178,97.91030195,196649.2213,5/16/2022,Technology
NVDA,2021,111.661897,19446562.24,19568000,21850000,864414.6949,121437.7583,15763649.41,18582147.55,36677.6531,18545469.89,2781820.484,99.37940639,167752.1821,8/19/2021,Technology
BABA,2022,157.1192987,45270003.22,46086000,72410000,1026267.13,815996.7771,37559228.48,44243736.09,56408.4659,44187327.63,6628099.144,98.22940421,71169.6155,7/18/2022,Consumer Discretionary
ORCL,2023,299.3175432,24617821.63,24910000,74560000,1112597.623,292178.3736,19969204.91,23505224,12041.755,23493182.25,3523977.337,98.82706394,131755.9414,11/18/2023,Technology
MSFT,2023,61.8,9727943.548,10000000,6180000,86621.8279,272056.4524,8192957.03,9641321.72,2548.7429,9638772.977,1445815.947,97.27943548,328353.15,3/4/2023,Technology
GOOG,2021,248.0131612,39322358.72,39510000,97990000,1266490.893,187641.2803,32326578.06,38055867.83,24599.5247,38031268.3,5704690.245,99.52507902,83031.65022,3/18/2021,Technology
NFLX,2020,198.9909028,25798040.73,26162000,52060000,938169.1173,363959.267,21108263.13,24859871.62,26620.876,24833250.74,3724987.611,98.60882476,125445.8872,5/24/2020,Entertainment
NVDA,2022,265.1988563,57430053.07,58409000,154900000,2570173.925,978946.9295,46627878.96,54859879.15,3550.9542,54856328.19,8228449.229,98.3239793,56133.31165,5/11/2022,Technology
AAPL,2020,184.2377747,41908146.26,42494000,78290000,453670.3003,585853.7398,35162509.68,41454475.96,86817.5141,41367658.45,6205148.767,98.62132598,77194.00621,1/1/2020,Technology
TSLA,2022,158.688819,10957896.86,11135000,17670000,522633.4933,177103.1438,8859364.19,10435263.36,12481.9624,10422781.4,1563417.21,98.4094913,294873.6417,6/7/2022,Automotive Technology
NVDA,2020,268.9697181,56073530.21,57460000,154550000,1012795.154,1386469.785,46761998.5,55060735.06,46619.1752,55014115.89,8252117.383,97.58706964,57062.05186,9/13/2020,Technology
TSLA,2021,76.60530952,32904592.23,32922000,25220000,1360236.847,17407.775,26743345.03,31544355.38,81596.5162,31462758.86,4719413.829,99.94712419,99667.07065,9/30/2021,Automotive Technology
TSLA,2021,240.6385201,13245711.49,13406000,32260000,84755.9927,160288.5053,11181148.9,13160955.5,6662.6784,13154292.82,1973143.924,98.80435249,244904.5875,1/23/2021,Automotive Technology
BABA,2020,172.1575036,37344087.74,37942000,65320000,17437.0538,597912.2565,31664654.76,37326650.69,74115.6829,37252535.01,5587880.251,98.42414144,86467.16831,1/23/2020,Consumer Discretionary
GOOG,2022,257.9223701,51913736.07,53330000,137550000,2037920.417,1416263.931,42309689.16,49875815.65,99710.762,49776104.89,7466415.734,97.34433915,61488.81493,3/12/2022,Technology
TSLA,2021,269.4844857,7947397.143,8186000,22060000,71533.5985,238602.8571,6682462.625,7875863.544,14142.8093,7861720.735,1179258.11,97.08523263,401137.6619,5/4/2021,Automotive Technology
GOOG,2020,254.0050823,44138273.18,45255000,114950000,1202392.659,1116726.815,36418496.56,42935880.53,90590.4582,42845290.07,6426793.51,97.5323681,72478.31179,8/9/2020,Technology
BABA,2021,168.7945614,11822861.31,12062000,20360000,196743.1875,239138.6858,9867816.252,11626118.13,16922.5362,11609195.59,1741379.339,98.01742094,272204.0541,8/14/2021,Consumer Discretionary
BABA,2021,268.1070589,19567384.52,19578000,52490000,325743.5199,10615.478,16343255.21,19241641,14281.9325,19227359.07,2884103.86,99.94577854,167666.447,1/20/2021,Consumer Discretionary
NFLX,2021,238.8126226,55668332.44,56090000,133950000,2342751.107,421667.5553,45304395.56,53325581.34,26292.4464,53299288.89,7994893.334,99.24823042,58458.23676,2/15/2021,Entertainment
AMZN,2022,217.9254036,26433613.54,26945000,58720000,1089250.795,511386.4638,21536450.16,25344362.74,7362.5582,25337000.18,3800550.028,98.10210999,121797.6248,7/21/2022,Consumer Discretionary
META,2023,162.8700967,53626900.01,54479000,88730000,2283671.12,852099.988,43618081.35,51343228.89,27839.0733,51315389.82,7697308.473,98.43591111,60189.86398,9/20/2023,Communication Service
AMZN,2021,55.27520244,8299244.582,8521000,4710000,153396.671,221755.4177,6916557.775,8145847.911,8721.1171,8137126.794,1220569.019,97.39754233,385363.1499,7/11/2021,Consumer Discretionary
BABA,2021,51.78781715,36995476.94,37364000,19350000,1394211.716,368523.0582,30253627.3,35601265.23,8762.5243,35592502.7,5338875.405,99.01369484,87806.31356,7/6/2021,Consumer Discretionary
AAPL,2021,57.88446078,8464851.708,8707000,5040000,210027.647,242148.2922,7008896.626,8254824.061,9063.3247,8245760.736,1236864.11,97.21892394,377128.8389,3/12/2021,Technology
META,2020,119.6249887,32666433.94,33279000,39810000,1437537.173,612566.0564,26543730.91,31228896.77,978.0536,31227918.72,4684187.808,98.15930149,98596.82082,8/28/2020,Communication Service
NVDA,2021,230.8269375,33973747.08,34658000,80000000,449092.5441,684252.9164,28435838.37,33524654.54,70727.0411,33453927.5,5018089.125,98.02569994,94669.79341,12/11/2021,Technology
ORCL,2023,168.2548326,17966660.57,18365000,30900000,831466.7523,398339.4267,14536855.48,17135193.82,33010.9081,17102182.91,2565327.437,97.83098597,178747.3455,6/19/2023,Technology
NFLX,2021,214.7624656,10037614.28,10188000,21880000,107706.9674,150385.716,8429706.982,9929907.317,12604.9844,9917302.332,1487595.35,98.52389364,322292.1771,6/10/2021,Entertainment
META,2023,265.9447322,27285345.01,27611000,73430000,53084.9194,325654.9904,23112396.48,27232260.09,41205.4115,27191054.68,4078658.202,98.82056068,118857.354,2/13/2023,Communication Service
AAPL,2020,232.0614351,8171432.837,8334000,19340000,198013.9859,162567.1628,6767287.815,7973418.851,11903.7749,7961515.076,1194227.262,98.0493501,394012.251,8/15/2020,Technology
GOOG,2021,184.0767201,15404991.06,15537000,28600000,617139.2117,132008.9444,12539759.38,14787851.84,35193.7545,14752658.09,2212898.713,99.15035757,211300.6243,2/14/2021,Technology
MSFT,2023,165.6506759,15086964.51,15092000,25000000,721150.9773,5035.4899,12208852.3,14365813.53,2457.8907,14363355.64,2154503.346,99.96663471,217533.9451,8/7/2023,Technology
GOOG,2023,263.9914241,48504565.36,49441000,130520000,463959.8032,936434.6396,40742099.58,48040605.56,108723.6966,47931881.86,7189782.279,98.1059553,66333.35491,11/7/2023,Technology
GOOG,2020,185.1570911,39693295.29,40868000,75670000,1602106.947,1174704.706,32347773.68,38091188.35,34984.0148,38056204.33,5708430.65,97.12561245,80269.27425,2/15/2020,Technology
AAPL,2020,262.1805183,55621720.16,55950000,146690000,1085808.204,328279.8409,46251148.99,54535911.96,122795.5009,54413116.45,8161967.468,99.41326213,58604.76318,3/3/2020,Technology
MSFT,2023,103.4374015,31671298.11,31710000,32800000,37952.5904,38701.8882,26882948.52,31633345.52,6347.2609,31626998.26,4744049.739,99.87795053,103480.3059,6/12/2023,Technology
NFLX,2020,50.51583067,13705243.57,14055000,7100000,162798.189,349756.4342,11490441.31,13542445.38,24279.1314,13518166.25,2027724.937,97.51151594,233591.3198,1/10/2020,Entertainment
NFLX,2022,246.2739912,54859542.6,55958000,137810000,2441169.962,1098457.401,44488551.37,52418372.64,78900.437,52339472.2,7850920.83,98.03699667,58596.37049,8/29/2022,Entertainment
TSLA,2023,232.6322351,43026248.04,43313000,100760000,1534524.941,286751.9553,35265219.94,41491723.1,3229.0524,41488494.05,6223274.108,99.33795407,75732.46369,3/16/2023,Automotive Technology
BABA,2023,124.16753,13262313.86,13514000,16780000,590832.1954,251686.1447,10750460.12,12671481.66,23881.5179,12647600.14,1897140.021,98.13758958,242946.5813,9/3/2023,Consumer Discretionary
AAPL,2020,64.28401136,46095919.77,46139000,29660000,2080765.22,43080.2312,37356251.02,44015154.55,66623.9416,43948530.61,6592279.591,99.90662946,71087.74789,10/23/2020,Technology
ORCL,2023,263.1901277,32606729.04,32657000,85950000,1229143.914,50270.9633,26633712.16,31377585.12,43806.1059,31333779.02,4700066.853,99.84606374,100476.6451,10/22/2023,Technology
MSFT,2020,70.03440347,57729999.56,57843000,40510000,368420.4994,113000.4415,48722110.31,57361579.06,41449.2811,57320129.78,8598019.467,99.80464284,56683.56067,2/9/2020,Technology
MSFT,2020,218.8088107,37603940.45,37727000,82550000,1527841.879,123059.547,30602652.13,36076098.57,72978.423,36003120.15,5400468.023,99.67381571,86960.50044,1/16/2020,Technology
AMZN,2023,272.5547697,11529367.76,11594000,31600000,89260.697,64632.2437,9716207.091,11440107.06,9275.1876,11430831.87,1714624.781,99.44253714,283195.7996,8/22/2023,Consumer Discretionary
AMZN,2020,154.8149286,38968925.68,39066000,60480000,59428.2698,97074.3243,33013603.54,38909497.41,69963.8344,38839533.57,5825930.036,99.75151199,83976.47315,4/20/2020,Consumer Discretionary
ORCL,2022,101.0654328,55497894.15,56409000,57010000,929999.2753,911105.8464,46378759.46,54567894.88,4648.4606,54563246.42,8184486.963,98.38482184,58127.08256,10/22/2022,Technology
META,2021,82.71711969,19089205.12,19609000,16220000,438932.6151,519794.8822,15824083.94,18650272.5,33703.1671,18616569.34,2792485.4,97.3492025,167401.2239,2/10/2021,Communication Service
TSLA,2023,237.9633765,22138020.44,22390000,53280000,1071063.666,251979.5571,17887443.47,21066956.78,22905.6395,21044051.14,3156607.671,98.87458885,146596.36,10/8/2023,Automotive Technology
GOOG,2020,299.6093491,29493013.86,30206000,90500000,280936.9922,712986.1419,24772796.88,29212076.87,67609.9471,29144466.92,4371670.038,97.63958769,108637.7177,4/18/2020,Technology
GOOG,2020,176.4824993,34010999.71,34570000,61010000,137643.7821,559000.2869,28787955.69,33873355.93,5172.7684,33868183.16,5080227.474,98.3829902,94911.03558,7/3/2020,Technology
MSFT,2022,269.8136507,52267085.43,53448000,144210000,2118316.195,1180914.568,42620111.2,50148769.24,7461.9418,50141307.3,7521196.094,97.79053553,61352.84201,7/29/2022,Technology
META,2022,258.4088915,13298709.98,13676000,35340000,577945.9159,377290.0233,10809169.3,12720764.06,4094.2947,12716669.77,1907500.465,97.24122533,240067.5563,1/28/2022,Communication Service
TSLA,2020,188.6561871,40808235.17,41732000,78730000,793074.6643,923764.8309,33929643.54,40015160.5,97932.8159,39917227.69,5987584.153,97.78643528,78605.34602,1/9/2020,Automotive Technology
GOOG,2021,272.4342576,19103773.01,19546000,53250000,677771.1108,442226.9883,15640442.22,18426001.9,25481.643,18400520.26,2760078.039,97.73750646,167941.1082,7/8/2021,Technology
BABA,2021,201.2112718,19842997.55,19979000,40200000,921567.0801,136002.453,16044496.9,18921430.47,45551.7643,18875878.7,2831381.805,99.31927297,164299.1942,1/5/2021,Consumer Discretionary
META,2021,263.2205924,42375118.19,42812000,112690000,1915062.763,436881.8067,34362682.69,40460055.43,33369.9141,40426685.52,6064002.827,98.97953423,76619.87994,9/1/2021,Communication Service
BABA,2023,277.0571975,18395127.58,18812000,52120000,615311.9746,416872.4184,15112023.07,17779815.61,964.9324,17778850.67,2666827.601,97.78400798,174497.677,5/11/2023,Consumer Discretionary
AAPL,2020,257.3334002,39639213.31,39886000,102640000,1484908.933,246786.6888,32423649.62,38154304.38,8834.2432,38145470.14,5721820.52,99.3812699,82247.97924,5/26/2020,Technology
AAPL,2020,82.71224193,23111310.92,23346000,19310000,546545.9539,234689.0769,19134742.25,22564764.97,53303.4996,22511461.47,3376719.22,98.99473539,140589.2615,12/21/2020,Technology
TSLA,2021,187.9260619,44411584.13,45768000,86010000,574719.5885,1356415.867,37167378.31,43836864.54,110537.1241,43726327.42,6558949.113,97.03632261,71664.80292,5/14/2021,Automotive Technology
NFLX,2020,286.2906841,10818513.8,11153000,31930000,202614.3697,334486.1989,9022949.449,10615899.43,664.7858,10615234.65,1592285.197,97.0009307,294397.5791,12/24/2020,Entertainment
MSFT,2020,195.6269768,49835799.43,50903000,99580000,162069.6502,1067200.568,42184275.91,49673729.78,45169.8852,49628559.9,7444283.985,97.90346233,64425.30303,8/30/2020,Technology
MSFT,2023,127.0607827,11996195.37,12010000,15260000,534517.2863,13804.6293,9742110.569,11461678.08,371.5325,11461306.55,1719195.983,99.88505721,273383.0558,3/14/2023,Technology
AAPL,2022,112.3595506,16188368.96,16554000,18600000,607982.8735,365631.0388,13229620.97,15580386.09,16126.1172,15564259.97,2334638.996,97.79128284,198313.163,10/6/2022,Technology
GOOG,2022,271.0307686,47368408.05,47906000,129840000,424999.5952,537591.9474,39812372.4,46943408.46,105323.2811,46838085.18,7025712.776,98.87781917,68462.00685,11/5/2022,Technology
NFLX,2021,109.179677,55127791.81,55917000,61050000,1948780.383,789208.1947,45129091.7,53179011.42,85962.3583,53093049.06,7963957.36,98.58860777,58639.40841,9/23/2021,Entertainment
MSFT,2021,56.19133101,52633344.16,53478000,30050000,1715840.473,844655.8409,43176294.33,50917503.69,121863.2975,50795640.39,7619346.058,98.42055454,61318.3683,4/15/2021,Technology
META,2023,266.0260978,48447533.78,49123000,130680000,871084.9001,675466.2225,40370244.1,47576448.88,82044.0594,47494404.82,7124160.723,98.62494916,66763.41429,3/27/2023,Communication Service
AMZN,2022,225.2835126,13688450.38,13756000,30990000,613703.8847,67549.6245,11099144.62,13074746.49,16929.288,13057817.2,1958672.58,99.50894428,238670.8273,8/6/2022,Consumer Discretionary
NFLX,2020,105.6048101,50784393.55,52223000,55150000,572205.5067,1438606.45,42631711.26,50212188.04,57233.6248,50154954.42,7523243.163,97.24526272,62794.34732,10/20/2020,Entertainment
NVDA,2022,248.8409456,21658926.76,21785000,54210000,232033.5857,126073.2392,18165356.77,21426893.18,55885.2083,21371007.97,3205651.195,99.42128419,150670.3236,9/21/2022,Technology
AMZN,2021,98.22278642,6257431.49,6302000,6190000,313887.4744,44568.5104,5039982.976,5943544.015,14152.2791,5929391.736,889408.7604,99.29278784,521088.7496,3/12/2021,Consumer Discretionary
META,2022,291.7261463,51274357.68,52539000,153270000,1277913.741,1264642.325,42475197.48,49996443.93,25623.37,49970820.56,7495623.085,97.59294557,62416.06426,11/18/2022,Communication Service
TSLA,2022,149.9217994,40069294.76,40281000,60390000,966902.7594,211705.2423,33172552.16,39102392,75860.0396,39026531.96,5853979.794,99.47442903,81440.46573,8/17/2022,Automotive Technology
BABA,2022,78.84146987,56487351.56,56658000,44670000,702145.5734,170648.4404,47325409.84,55785205.99,108253.2391,55676952.75,8351542.912,99.69880963,57871.18677,7/10/2022,Consumer Discretionary
TSLA,2021,295.8951587,36472675.66,36932000,109280000,1120086.529,459324.3364,29980561.8,35352589.14,81339.9558,35271249.18,5290687.377,98.75629715,88834.56894,4/13/2021,Automotive Technology
AAPL,2020,136.4153289,37754642.83,37811000,51580000,648887.6397,56357.1653,31491912.57,37105755.2,56446.293,37049308.9,5557396.335,99.85095034,86767.08894,4/25/2020,Technology
META,2023,177.8513862,38138250.65,38341000,68190000,1425254.396,202749.3489,31196154.39,36712996.25,11638.1486,36701358.11,5505203.716,99.47119442,85566.29718,8/24/2023,Communication Service
NFLX,2021,227.1962125,18886222.92,19010000,43190000,887561.716,123777.0803,15270675.27,17998661.2,33160.8854,17965500.32,2694825.048,99.34888438,172679.1426,6/22/2021,Entertainment
AAPL,2021,67.47363375,25029617.85,25032000,16890000,615359.7584,2382.1538,20730428.16,24414258.09,25519.0722,24388739.02,3658310.852,99.99048357,131113.307,3/23/2021,Technology
META,2022,81.15990937,40818924.23,41486000,33670000,142784.6434,667075.7685,34533637.75,40676139.59,48330.4714,40627809.12,6094171.368,98.39204607,79072.04599,9/25/2022,Communication Service
TSLA,2022,131.5530603,40472521.3,41679000,54830000,488474.5815,1206478.703,33899294.69,39984046.72,102523.5465,39881523.17,5982228.475,97.10530794,78705.42959,4/8/2022,Automotive Technology
TSLA,2021,216.2561893,15288299.86,15551000,33630000,253378.9223,262700.1428,12757466.23,15034920.93,26137.1298,15008783.81,2251317.571,98.31071865,211110.308,4/20/2021,Automotive Technology
NFLX,2021,125.2412941,37824905.12,38853000,48660000,91577.2468,1028094.877,32055954.8,37733327.88,20439.8789,37712888,5656933.2,97.35388547,84437.39737,4/14/2021,Entertainment
BABA,2020,102.5652835,21510955.81,21713000,22270000,1008388.257,202044.195,17394930.33,20502567.55,37943.6295,20464623.92,3069693.588,99.06947822,151170.2759,7/16/2020,Consumer Discretionary
ORCL,2022,160.5285537,29776752.51,30574000,49080000,89641.8596,797247.4949,25204107.79,29687110.65,35219.1274,29651891.52,4447783.728,97.39240042,107328.9102,5/22/2022,Technology
AMZN,2023,289.9599219,48378680.18,48655000,141080000,1560378.533,276319.8174,39772794.38,46818301.65,26778.8477,46791522.8,7018728.42,99.43208341,67406.55637,6/24/2023,Consumer Discretionary
MSFT,2020,215.9840839,20345481.81,20608000,44510000,398963.7696,262518.194,16931211.68,19946518.04,27445.4739,19919072.56,2987860.884,98.72613454,159281.381,8/18/2020,Technology
ORCL,2022,287.9834254,9842367.365,10136000,29190000,480733.9603,293632.6348,7954132.711,9361633.405,3830.215,9357803.19,1403670.479,97.10307187,323946.1227,5/7/2022,Technology
AMZN,2022,99.79832901,17148424.64,17355000,17320000,199656.2045,206575.359,14400627.13,16948768.44,6854.1615,16941914.28,2541287.141,98.80970695,189155.6324,3/12/2022,Consumer Discretionary
AAPL,2020,168.7967075,17965166.2,18466000,31170000,108371.3101,500833.7991,15157583.7,17856794.89,24343.4735,17832451.42,2674867.713,97.2878057,177769.1379,10/11/2020,Technology
GOOG,2023,207.4548464,27069226.15,27794000,57660000,936208.5405,724773.8511,22164094.48,26133017.61,57612.341,26075405.27,3911310.79,97.39233701,118074.1203,9/15/2023,Technology
AMZN,2023,110.993756,31709703.03,32191000,35730000,1128285.681,481296.9688,25945910.82,30581417.35,56816.3843,30524600.97,4578690.145,98.50487102,101932.6023,7/3/2023,Consumer Discretionary
AAPL,2020,104.7204735,47508327.11,47813000,50070000,477813.1921,304672.8912,39913385.34,47030513.92,73589.9891,46956923.93,7043538.589,99.36278232,68595.36528,2/3/2020,Technology
BABA,2023,112.3421799,7605471.766,7762000,8720000,299886.511,156528.2341,6201464.655,7305585.255,9744.4848,7295840.77,1094376.116,97.98340332,423055.3079,7/19/2023,Consumer Discretionary
GOOG,2023,166.1261553,12260303.51,12334000,20490000,123995.1549,73696.4943,10310427.21,12136308.35,6393.9863,12129914.36,1819487.155,99.40249315,266198.9703,4/18/2023,Technology
BABA,2022,272.8638301,55892391.35,57252000,156220000,1232668.652,1359608.652,46356674.47,54659722.7,122458.6162,54537264.08,8180589.612,97.62522069,57269.72508,8/11/2022,Consumer Discretionary
ORCL,2023,186.973422,49268766.15,50681000,94760000,1125498.623,1412233.851,40857460.15,48143267.53,75667.3477,48067600.18,7210140.027,97.21348464,64707.94578,11/4/2023,Technology
MSFT,2023,237.9511998,29283106.16,29754000,70800000,398076.4459,470893.8363,24542176.39,28885029.72,11881.0254,28873148.69,4330972.304,98.41737637,110289.5779,7/29/2023,Technology
TSLA,2023,118.6440678,38398120.73,39471000,46830000,24830.9311,1072879.271,32555854.34,38373289.8,72284.6906,38301005.11,5745150.766,97.28185435,83113.78987,8/15/2023,Automotive Technology
GOOG,2022,133.9889367,17469495.49,17897000,23980000,103657.4364,427504.5115,14735518.45,17365838.05,29933.997,17335904.06,2600385.608,97.6113063,183424.1381,6/18/2022,Technology
BABA,2020,107.8423598,12243623.28,12611000,13600000,505690.7174,367376.7174,9976603.413,11737932.57,752.079,11737180.49,1760577.073,97.08685499,260349.7264,6/15/2020,Consumer Discretionary
MSFT,2021,151.8809328,8374380.553,8533000,12960000,126232.4778,158619.4469,7001935.454,8248148.075,10576.9532,8237571.122,1235635.668,98.14110574,384821.0711,12/20/2021,Technology
BABA,2023,101.6936989,27326798.42,27868000,28340000,13158.1276,541201.5772,23216183.32,27313640.3,483.4484,27313156.85,4096973.527,98.057982,117760.3237,8/20/2023,Consumer Discretionary
NFLX,2023,196.0157762,53648318.8,54766000,107350000,1470708.718,1117681.196,44291378.49,52177610.09,70105.9837,52107504.1,7816125.615,97.95916957,59873.9163,8/10/2023,Entertainment
AAPL,2023,285.6822693,30483697.03,31234000,89230000,859203.9778,750302.9662,25157826.9,29624493.06,27049.6404,29597443.42,4439616.512,97.59780058,105058.8493,12/20/2023,Technology
TSLA,2023,288.3519446,51500471.98,51940000,149770000,769735.7696,439528.0242,43115846.44,50730736.21,6210.9869,50724525.22,7608678.783,99.15377739,63137.03312,4/9/2023,Automotive Technology
NFLX,2021,118.2306219,31137978.95,31853000,37660000,1369314.068,715021.0529,25267735.56,29768664.88,41917.1603,29726747.72,4459012.158,97.75524738,103015.2953,9/10/2021,Entertainment
NVDA,2020,217.2281805,25864860.45,26387000,57320000,1173188.607,522139.5487,20976823.43,24691671.84,13056.0447,24678615.8,3701792.37,98.02122428,124375.3667,4/6/2020,Technology
NFLX,2021,279.8859998,50496614.07,51228000,143380000,837021.1897,731385.9278,42119188.14,49659592.88,107606.8344,49551986.05,7432797.907,98.57229264,64015.94245,11/8/2021,Entertainment
ORCL,2020,197.9737979,54536465.74,54881000,108650000,1941015.8,344534.2589,44637190.81,52595449.94,81107.8095,52514342.13,7877151.32,99.37221578,59748.24438,4/14/2020,Technology
AAPL,2020,83.91365765,40162678.26,40351000,33860000,263548.6422,188321.7425,33880005.8,39899129.62,40299.2648,39858830.35,5978824.553,99.53329102,81299.01118,2/8/2020,Technology
NVDA,2021,144.7334535,7571496.254,7766000,11240000,306520.729,194503.7464,6173377.194,7264975.525,2178.8261,7262796.699,1089419.505,97.49544493,422837.3551,3/26/2021,Technology
AMZN,2023,240.3272838,22553720.81,22977000,55220000,415187.8503,423279.1896,18770606.94,22138532.96,55465.9709,22083066.99,3312460.048,98.15781351,142848.6661,7/5/2023,Consumer Discretionary
NFLX,2022,257.9754535,46203729.72,46361000,119600000,753905.9122,157270.2793,38607646.62,45449823.81,29063.0768,45420760.73,6813114.11,99.6607703,70746.86482,5/4/2022,Entertainment
TSLA,2020,237.2436583,30260285.54,30867000,73230000,126096.0595,606714.4555,25597333.88,30134189.49,19679.0391,30114510.45,4517176.567,98.03442364,106309.1586,10/10/2020,Automotive Technology
AAPL,2022,67.15901223,17143809.6,17332000,11640000,18600.1286,188190.4004,14538705.46,17125209.47,20850.1057,17104359.37,2565653.905,98.91420263,189406.7794,1/6/2022,Technology
AAPL,2020,99.84448444,55723870.4,57229000,57140000,1667564.546,1505129.6,45856702.07,54056305.85,107244.5958,53949061.26,8092359.189,97.36998794,57292.78163,1/8/2020,Technology
AAPL,2021,168.3774834,18050955.54,18120000,30510000,802660.6686,69044.4626,14638559.51,17248294.87,26460.1468,17221834.72,2583275.208,99.61895992,181165.5353,7/22/2021,Technology
GOOG,2021,114.072669,29951701.02,30577000,34880000,335597.4747,625298.9757,25151550.14,29616103.55,26044.5666,29590058.98,4438508.848,97.95500221,107318.37,7/15/2021,Technology
META,2021,290.9404029,37348927.07,38324000,111500000,215387.1876,975072.9291,31491991.34,37133539.88,84138.3074,37049401.58,5557410.236,97.45571201,85604.29757,10/16/2021,Communication Service
ORCL,2022,73.24255383,51927850.73,53316000,39050000,1232636.633,1388149.265,43011174.51,50695214.1,93832.3264,50601381.78,7590207.266,97.39637395,61504.98725,12/9/2022,Technology
META,2021,150.0754818,11091225.73,11261000,16900000,248187.8379,169774.2681,9201476.686,10843037.89,17771.2051,10825266.69,1623790.003,98.49236952,291573.164,3/28/2021,Communication Service
NVDA,2022,222.4707637,50224347.02,50964000,113380000,2168628.592,739652.9823,40773617.87,48055718.43,86756.224,47968962.2,7195344.33,98.54867557,64348.07119,3/7/2022,Technology
NVDA,2023,249.2196525,39831601.66,40687000,101400000,1899374.633,855398.3378,32184244.9,37932227.03,68409.5057,37863817.52,5679572.629,97.89761266,80626.80463,2/13/2023,Technology
GOOG,2021,64.65845827,42379420.88,43289000,27990000,738641.642,909579.1181,35368907.6,41640779.24,30299.7053,41610479.53,6241571.93,97.8988216,75774.50623,9/7/2021,Technology
MSFT,2020,197.6902661,27090222.72,27882000,55120000,1062600.199,791777.2819,22116334.18,26027622.52,8405.8423,26019216.68,3902882.502,97.1602565,117701.1441,9/11/2020,Technology
ORCL,2023,144.9662636,14824409.11,14969000,21700000,520907.5189,144590.895,12143127.4,14303501.59,17469.3481,14286032.24,2142904.836,99.03406443,219322.2393,6/23/2023,Technology
META,2020,269.9935166,51165693.82,52442000,141590000,87945.9696,1276306.184,43411230.19,51077747.85,5712.3243,51072035.52,7660805.328,97.56625189,62531.69788,5/5/2020,Communication Service
MSFT,2023,78.24242206,54634665.98,55622000,43520000,1491701.061,987334.024,45158117.49,53142964.92,15767.8721,53127197.04,7969079.557,98.22492175,58950.94207,12/3/2023,Technology
NFLX,2023,115.4357067,7460181.691,7528000,8690000,168669.157,67818.3087,6185035.8,7291512.534,14999.8288,7276512.706,1091476.906,99.09911917,436208.6477,8/14/2023,Entertainment
META,2020,219.4921259,42654735.59,43751000,96030000,652303.0154,1096264.412,35637223.65,42002432.57,76287.0981,41926145.47,6288921.821,97.49431005,74973.28975,11/10/2020,Communication Service
ORCL,2021,217.4571312,58644694.23,58784000,127830000,2861155.346,139305.7704,47358180.37,55783538.88,68032.5688,55715506.31,8357325.947,99.76302094,55774.58322,7/28/2021,Technology
META,2020,231.6798,28073796.42,28807000,66740000,501837.4689,733203.5848,23384623.64,27571958.95,60637.0112,27511321.94,4126698.29,97.45477285,113918.5198,5/17/2020,Communication Service
NVDA,2022,210.3411719,41023728.28,41504000,87300000,887795.0803,480271.7168,34033409.81,40135933.2,96627.5481,40039305.65,6005895.848,98.84283029,79037.70962,12/25/2022,Technology
MSFT,2020,283.5106383,5599697.653,5640000,15990000,256963.6526,40302.3467,4529881.376,5342734.001,13461.7935,5329272.207,799390.8311,99.28541938,582263.7411,5/21/2020,Technology
BABA,2023,267.3519372,51572029.91,51853000,138630000,1074127.789,280970.0914,42892845.49,50497902.12,35730.957,50462171.16,7569325.674,99.45814111,63243.13347,3/15/2023,Consumer Discretionary
GOOG,2023,132.7148222,22329406.56,22635000,30040000,1036129.2,305593.438,18068652.51,21293277.36,36039.115,21257238.25,3188585.737,98.6499075,145008.5266,11/16/2023,Technology
TSLA,2020,187.6159484,32649830.45,32881000,61690000,646733.4561,231169.5547,27150836.61,32003096.99,60936.2742,31942160.72,4791324.107,99.29695096,99791.47228,11/8/2020,Automotive Technology
NFLX,2023,69.70224865,48850822.84,49941000,34810000,1532519.469,1090177.162,40204751.94,47318303.37,18595.2059,47299708.16,7094956.224,97.81706982,65668.23652,5/6/2023,Entertainment
NVDA,2023,174.5757545,9798420.861,9841000,17180000,408120.9616,42579.1387,7981264.181,9390299.9,577.3338,9389722.566,1408458.385,99.56732915,333659.9329,11/12/2023,Technology
META,2020,236.3031712,58912080.76,58937000,139270000,2875871.317,24919.2413,47582007.51,56036209.44,57377.0716,55978832.37,8396824.856,99.95771885,55629.53323,6/10/2020,Communication Service
AAPL,2020,58.9576667,26544983.98,27189000,16030000,331658.4135,644016.0204,22257524.37,26213325.57,28002.7751,26185322.79,3927798.419,97.63133613,120703.689,1/11/2020,Technology
BABA,2020,247.9524046,50072801.32,50425000,125030000,1840219.196,352198.6759,40923062.15,48232582.13,87803.1303,48144779,7221716.85,99.30153956,65036.96579,7/16/2020,Consumer Discretionary
ORCL,2022,190.5812143,52975412.33,53956000,102830000,330468.3213,980587.6717,44719104.68,52644944.01,34232.6145,52610711.39,7891606.709,98.18261607,60774.25866,7/6/2022,Technology
NVDA,2022,63.56067883,24956272.18,24984000,15880000,1052757.936,27727.8175,20311368.47,23903514.25,7786.6388,23895727.61,3584359.141,99.8890177,131365.3979,3/13/2022,Technology
AMZN,2023,241.8522659,22596850.62,23258000,56250000,373859.0377,661149.3808,18870999.07,22222991.58,21816.2033,22201175.38,3330176.307,97.15732487,141121.5797,7/25/2023,Consumer Discretionary
ORCL,2023,140.8276297,43258727.75,44416000,62550000,388610.8285,1157272.252,36341455.7,42870116.92,115463.1567,42754653.76,6413198.065,97.39446989,73849.28629,3/2/2023,Technology
NVDA,2020,214.6925379,10103990.06,10359000,22240000,119067.6535,255009.9448,8468065.859,9984922.402,22491.9791,9962430.423,1494364.563,97.53827643,316970.3253,4/11/2020,Technology
AAPL,2022,208.4131578,24369669.89,24533000,51130000,1121303.447,163330.1077,19714440.02,23248366.45,54907.5939,23193458.85,3479018.828,99.33424323,133782.1791,5/25/2022,Technology
TSLA,2022,61.44674997,42718003.43,43615000,26800000,1574962.294,896996.5659,34936582.9,41143041.14,41178.9056,41101862.23,6165279.335,97.94337598,75207.38278,6/5/2022,Automotive Technology
MSFT,2023,229.2337917,12513185.92,12725000,29170000,503692.1128,211814.0848,10201402.58,12009493.8,7843.7066,12001650.1,1800247.514,98.33544924,258016.4244,6/19/2023,Technology
NFLX,2020,98.96766038,18782522.62,18986000,18790000,146793.8471,203477.3807,15801276.66,18635728.77,45991.5282,18589737.24,2788460.587,98.92827673,172897.5508,12/8/2020,Entertainment
GOOG,2023,256.1547132,16538345.44,16857000,43180000,495143.5892,318654.5646,13627340.06,16043201.85,11037.0649,16032164.78,2404824.717,98.10966029,194746.7402,6/9/2023,Technology
AMZN,2022,153.6560813,10684950.06,10927000,16790000,372457.3765,242049.9438,8757672.982,10312492.68,9347.995,10303144.68,1545471.703,97.78484539,300488.5879,3/21/2022,Consumer Discretionary
ORCL,2020,162.635881,47276229.41,47468000,77200000,1712904.1,191770.588,38696141.87,45563325.31,38452.5276,45524872.78,6828730.918,99.59600028,69094.64692,10/28/2020,Technology
ORCL,2021,51.09287734,57409198.2,58012000,29640000,941814.993,602801.8027,47952964.3,56467383.2,52131.0918,56415252.11,8462287.817,98.96090153,56518.13935,1/16/2021,Technology
AAPL,2023,170.7245527,50736781.08,51135000,87300000,804585.5807,398218.9232,42390793.56,49932195.5,60673.6562,49871521.84,7480728.276,99.22124001,64132.55109,1/31/2023,Technology
BABA,2021,93.40301974,42130605.33,43050000,40210000,1316484.283,919394.6691,34659922.12,40814121.05,37742.0855,40776378.96,6116456.844,97.86435617,76195.73751,8/31/2021,Consumer Discretionary
MSFT,2020,200.1368457,25551345.47,26307000,52650000,946639.2326,755654.5251,20898820.6,24604706.24,17858.4812,24586847.76,3688027.164,97.12755341,124753.8982,2/22/2020,Technology
META,2023,202.2335605,27651566.86,28027000,56680000,696190.4034,375433.137,22854294.7,26955376.46,67970.9263,26887405.53,4033110.83,98.66045907,117091.6902,8/1/2023,Communication Service
AMZN,2022,135.6991407,26480498.04,26883000,36480000,332936.41,402501.9607,22205028.32,26147561.63,23998.9047,26123562.72,3918534.409,98.50276397,122078.7561,7/26/2022,Consumer Discretionary
TSLA,2023,84.54449497,48758915.22,49264000,41650000,1878983.68,505084.7763,39808252.65,46879931.54,46693.1326,46833238.41,7024985.762,98.9747386,66572.04247,4/1/2023,Automotive Technology
ORCL,2022,186.9610076,50068605.29,51369000,96040000,1665197.531,1300394.71,41138495.22,48403407.76,5178.0832,48398229.68,7259734.452,97.46852244,63839.95406,8/28/2022,Technology
META,2021,206.0564521,15621899.53,16049000,33070000,71498.6612,427100.469,13217521.89,15550400.87,375.1217,15550025.75,2332503.862,97.33877208,204556.4583,11/20/2021,Communication Service
TSLA,2022,83.1746488,54690996.24,55666000,46300000,1554322.297,975003.759,45116679.22,53136673.94,58227.7998,53078446.14,7961766.922,98.24847526,58904.26652,11/6/2022,Automotive Technology
MSFT,2022,240.1915178,43861540.07,44069000,105850000,1701819.695,207459.9271,35782017.31,42159720.38,63229.4283,42096490.95,6314473.643,99.52923841,74431.56414,5/5/2022,Technology
BABA,2023,285.6641658,36710091.81,37054000,105850000,1423324.524,343908.195,29937122.98,35286767.28,66622.6042,35220144.68,5283021.702,99.07187296,88541.75258,1/10/2023,Consumer Discretionary
NFLX,2022,155.592272,52338572.16,53261000,82870000,1615790.856,922427.8356,43071258.46,50722781.31,50712.5311,50672068.78,7600810.317,98.26809892,61568.60367,4/8/2022,Entertainment
AAPL,2020,86.38497653,6318152.845,6390000,5520000,93850.9992,71847.1552,5285542.663,6224301.846,6016.3593,6218285.486,932742.8229,98.87563137,513911.1894,2/28/2020,Technology
AAPL,2021,246.3930096,19290177.65,19684000,48500000,327877.592,393822.351,16098236,18962300.06,23198.8781,18939101.18,2840865.177,97.99927682,166763.0106,6/6/2021,Technology
TSLA,2022,65.49716562,12918743.39,13054000,8550000,418861.9912,135256.6067,10611398.52,12499881.4,15883.1491,12483998.25,1872599.738,98.96386849,251511.1154,1/16/2022,Automotive Technology
TSLA,2021,58.08646228,45927796.12,46448000,26980000,1004495.618,520203.8783,38136492.08,44923300.5,56839.2308,44866461.27,6729969.191,98.88002954,70614.16423,6/6/2021,Automotive Technology
NVDA,2020,218.8705447,38880005.49,38886000,85110000,198437.6676,5994.5103,32797559.53,38681567.82,96203.668,38585364.15,5787804.623,99.9845844,84365.65602,4/8/2020,Technology
BABA,2021,190.3213842,45397877.14,45833000,87230000,150377.3052,435122.8636,38456014.08,45247499.83,5130.331,45242369.5,6786355.425,99.05063412,71563.02664,2/4/2021,Consumer Discretionary
AMZN,2022,61.74758182,42232246.02,43111000,26620000,1549965.688,878753.9781,34488894.89,40682280.33,107109.8706,40575170.46,6086275.57,97.96164789,76087.7827,4/15/2022,Consumer Discretionary
NFLX,2023,247.0352191,27905216.88,27911000,68950000,65954.2956,5783.1238,23658243.59,27839262.58,6034.8232,27833227.76,4174984.164,99.97928013,117578.7467,1/13/2023,Entertainment
META,2020,112.9004026,5556570.066,5713000,6450000,104052.455,156429.9336,4634371.478,5452517.611,315.8729,5452201.739,817830.2608,97.26186008,574822.37,6/25/2020,Communication Service
ORCL,2023,277.8732058,49420851.11,50649000,140740000,1688366.474,1228148.886,40512361.8,47732484.64,70882.5209,47661602.12,7149240.318,97.57517644,64748.89139,9/6/2023,Technology
META,2021,291.0795169,46625813.65,47688000,138810000,588479.5678,1062186.354,39033174.81,46037334.08,115951.9485,45921382.13,6888207.32,97.77263388,68775.42988,3/8/2021,Communication Service
TSLA,2023,220.693861,14687781.4,14758000,32570000,621894.0523,70218.6012,11944352.5,14065887.35,13707.9309,14052179.42,2107826.912,99.52419975,222459.3915,5/18/2023,Automotive Technology
MSFT,2021,79.83886944,44628781.96,45429000,36270000,1041204.491,800218.0394,37046884.66,43587577.47,3007.2807,43584570.19,6537685.528,98.23853037,72200.32578,10/17/2021,Technology
AAPL,2023,116.0630927,19751268.97,20351000,23620000,405308.7876,599731.0321,16441764.59,19345960.18,2707.7219,19343252.46,2901487.869,97.05306357,161294.1084,6/12/2023,Technology
MSFT,2022,166.6666667,5287822.195,5310000,8850000,260311.5589,22177.8049,4272761.681,5027510.636,732.1886,5026778.448,754016.7671,99.58233889,618455.838,7/5/2022,Technology
MSFT,2020,130.6674595,13167618.85,13454000,17580000,516103.3069,286381.1521,10728129.35,12651515.54,30186.8968,12621328.64,1893199.297,97.87140514,244030.4816,12/10/2020,Technology
AAPL,2022,193.1832395,31355612.29,31980000,61780000,1233073.638,624387.7104,25597232.06,30122538.65,8147.9907,30114390.66,4517158.599,98.04756814,102605.8005,4/28/2022,Technology
META,2020,129.4626159,47664080.84,48122000,62300000,1104483.646,457919.1588,39545257.13,46559597.2,35765.2798,46523831.92,6978574.787,99.04842035,68154.26001,11/9/2020,Communication Service
AMZN,2021,246.573306,32680717.02,33633000,82930000,621501.9908,952282.9766,27187540.72,32059215.03,73873.0149,31985342.02,4797801.303,97.16860531,97557.99958,3/8/2021,Consumer Discretionary
MSFT,2023,150.8503255,34328656.85,34869000,52600000,1717440.446,540343.1483,27691965.16,32611216.41,32433.8659,32578782.54,4886817.381,98.45036236,94096.32051,4/24/2023,Technology
META,2021,215.8359304,53437628.68,53587000,115660000,1523930.056,149371.3237,44024168.23,51913698.62,120559.5231,51793139.1,7768970.865,99.72125455,61193.43871,12/31/2021,Communication Service
META,2022,287.5585189,20566296.62,21147000,60810000,959273.5814,580703.3827,16645653.29,19607023.04,23901.5178,19583121.52,2937468.228,97.25396802,155219.0287,8/2/2022,Communication Service
ORCL,2023,255.9224275,58188728.36,59815000,153080000,909688.5447,1626271.642,48618958.58,57279039.81,80265.0142,57198774.8,8579816.22,97.28116419,54811.50213,2/25/2023,Technology
AAPL,2020,161.4184533,40810020.37,41792000,67460000,45396.9446,981979.6257,34578267.28,40764623.43,84308.9789,40680314.45,6102047.168,97.65031675,78492.35021,12/14/2020,Technology
ORCL,2021,220.6307695,56576176.55,57739000,127390000,2886673.607,1162823.454,45598623.7,53689502.94,44063.2918,53645439.65,8046815.947,97.98606929,56785.83973,11/5/2021,Technology
META,2023,286.2431378,53931286.73,55376000,158510000,2728101.207,1444713.266,43400617.9,51203185.53,143635.0623,51059550.47,7658932.57,97.39108411,59213.26748,8/15/2023,Communication Service
NFLX,2022,120.704059,34137300.59,34713000,41900000,426863.4649,575699.4111,28644723.94,33710437.12,10761.8997,33699675.22,5054951.284,98.34154521,94519.63818,12/15/2022,Entertainment
BABA,2022,177.1862889,33061473.49,33287000,58980000,1013571.57,225526.5106,27187957.7,32047901.92,62069.3317,31985832.59,4797874.888,99.32247871,98573.10061,5/23/2022,Consumer Discretionary
NVDA,2020,212.8708224,21171460.98,21304000,45350000,727065.7308,132539.0246,17343726.67,20444395.24,40010.9269,20404384.32,3060657.648,99.37786789,154074.4039,7/22/2020,Technology
META,2020,91.84280515,56675799.54,57152000,52490000,1768580.834,476200.4645,46652106.19,54907218.7,22387.8939,54884830.81,8232724.621,99.1667825,57370.10603,10/19/2020,Communication Service
BABA,2020,102.7076315,38347713.97,39481000,40550000,941192.7144,1133286.033,31748196.75,37406521.25,55701.5424,37350819.71,5602622.957,97.12954071,83092.71295,12/13/2020,Consumer Discretionary
AMZN,2023,101.3892704,50501892.21,50962000,51670000,1018114.177,460107.789,41964693.83,49483778.03,113549.9976,49370228.04,7405534.206,99.09715516,64350.60045,6/28/2023,Consumer Discretionary
NFLX,2020,88.43507889,45106613.76,46079000,40750000,1103588.063,972386.2367,37372489.42,44003025.7,35391.0902,43967634.61,6595145.192,97.88974102,71180.44228,5/1/2020,Entertainment
NVDA,2022,68.32298137,6915757.975,7084000,4840000,153222.9115,168242.0248,5742423.985,6762535.064,6742.1402,6755792.924,1013368.939,97.625042,463554.9266,12/30/2022,Technology
MSFT,2022,193.7526264,34886923.51,35695000,69160000,892730.8835,808076.4928,28829530.52,33994192.62,77097.8967,33917094.73,5087564.209,97.73616335,91916.57095,11/28/2022,Technology
AMZN,2022,162.7644055,27072696.3,27420000,44630000,483519.0916,347303.7015,22598741.39,26589177.21,2422.6304,26586754.58,3988013.187,98.73339277,119685.9774,6/17/2022,Consumer Discretionary
NFLX,2023,147.3975538,22179528.66,22402000,33020000,712634.8065,222471.3432,18236427.39,21466893.85,12273.393,21454620.46,3218193.069,99.00691303,146517.7797,7/2/2023,Entertainment
GOOG,2020,204.5781816,39403222.39,40278000,82400000,1662419.921,874777.6139,32061164.58,37740802.47,21785.3137,37719017.15,5657852.573,97.82815032,81446.53905,9/12/2020,Technology
ORCL,2020,68.15311488,43153786.99,43549000,29680000,1257880.981,395213.0059,35516200.91,41895906.01,112140.2383,41783765.77,6267564.866,99.09248661,75321.5137,1/23/2020,Technology
BABA,2020,221.4793945,20502067.34,20941000,46380000,40964.7278,438932.6592,17361407.53,20461102.61,35917.2813,20425185.33,3063777.8,97.90395559,156746.9271,2/20/2020,Consumer Discretionary
ORCL,2020,281.697017,20015373.53,20483000,57700000,130963.5754,467626.4709,16886655.07,19884409.95,17756.9272,19866653.03,2979997.954,97.71700205,160254.0253,7/5/2020,Technology
NFLX,2023,57.70954059,48942326.9,50217000,28980000,581103.9807,1274673.105,41072819.17,48361222.91,40259.1815,48320963.73,7248144.56,97.46167014,65306.76464,6/1/2023,Entertainment
MSFT,2021,147.7481801,12491365.69,12501000,18470000,618933.7056,9634.3143,10064817.5,11872431.98,31470.2189,11840961.76,1776144.264,99.92293165,262641.5007,7/19/2021,Technology
BABA,2022,86.01034477,56704100.28,57807000,49720000,1009134.115,1102899.722,47249940.97,55694966.16,106800.3181,55588165.84,8338224.877,98.09210005,56718.92331,7/9/2022,Consumer Discretionary
META,2020,188.7766618,34672936.98,35444000,66910000,1220932.488,771063.0246,28380798.85,33452004.49,62829.3716,33389175.12,5008376.267,97.8245598,92568.1949,1/2/2020,Communication Service
GOOG,2020,199.1661929,5148360.313,5277000,10510000,235798.0941,128639.6866,4172393.659,4912562.219,3863.797,4908698.422,736304.7633,97.56225722,622324.0099,10/29/2020,Technology
BABA,2020,237.06223,21268027.11,21758000,51580000,936609.8861,489972.8911,17260685.98,20331417.22,24727.8388,20306689.38,3046003.408,97.74807937,150857.418,1/14/2020,Consumer Discretionary
META,2021,211.4745812,27318452.91,27696000,58570000,1322883.298,377547.0921,22037194.49,25995569.61,69458.4481,25926111.16,3888916.674,98.63681726,118492.2696,12/1/2021,Communication Service
